
@article{RosenfeldBM23,
  author       = {Viktor Rosenfeld and
                  Sebastian Bre{\ss} and
                  Volker Markl},
  title        = {Query Processing on Heterogeneous {CPU/GPU} Systems},
  journal      = {{ACM} Comput. Surv.},
  volume       = {55},
  number       = {2},
  pages        = {11:1--11:38},
  year         = {2023},
  doi          = {10.1145/3485126},
}

@article{ZhuPSP17,
  author       = {Jianqiao Zhu and
                  Navneet Potti and
                  Saket Saurabh and
                  Jignesh M. Patel},
  title        = {{Looking Ahead Makes Query Plans Robust}},
  journal      = {{PVLDB}},
  volume       = {10},
  number       = {8},
  pages        = {889--900},
  year         = {2017},
  doi          = {10.14778/3090163.3090167},
}

@inproceedings{SirinTPA16,
  author       = {Utku Sirin and
                  Pinar T{\"{o}}z{\"{u}}n and
                  Danica Porobic and
                  Anastasia Ailamaki},
  title        = {Micro-architectural Analysis of In-memory {OLTP}},
  booktitle    = {{SIGMOD}},
  pages        = {387--402},
  year         = {2016},
  doi          = {10.1145/2882903.2882916},
}

@inproceedings{AboulnagaHLLMPR04,
  author       = {Ashraf Aboulnaga and
                  Peter J. Haas and
                  Sam Lightstone and
                  Guy M. Lohman and
                  Volker Markl and
                  Ivan Popivanov and
                  Vijayshankar Raman},
  title        = {Automated Statistics Collection in {DB2} {UDB}},
  booktitle    = {{VLDB}},
  year         = {2004},
  doi          = {10.1016/B978-012088469-8.50100-5},
}

@inproceedings{LiSMBCL07,
  author       = {Quanzhong Li and
                  Minglong Shao and
                  Volker Markl and
                  Kevin S. Beyer and
                  Latha S. Colby and
                  Guy M. Lohman},
  title        = {Adaptively Reordering Joins during Query Execution},
  booktitle    = {{ICDE}},
  pages        = {26--35},
  year         = {2007},
  doi          = {10.1109/ICDE.2007.367848},
}


@inproceedings{RaasveldtM19,
  author       = {Mark Raasveldt and
                  Hannes M{\"{u}}hleisen},
  title        = {DuckDB: an Embeddable Analytical Database},
  booktitle    = {{SIGMOD}},
  pages        = {1981--1984},
  year         = {2019},
  doi          = {10.1145/3299869.3320212},
}

@article{HaffnerD23,
  author       = {Immanuel Haffner and
                  Jens Dittrich},
  title        = {Efficiently Computing Join Orders with Heuristic Search},
  journal      = {Proc. {ACM} Manag. Data},
  volume       = {1},
  number       = {1},
  pages        = {73:1--73:26},
  year         = {2023},
  url          = {https://doi.org/10.1145/3588927},
  doi          = {10.1145/3588927},
}

@inproceedings{ZahariaDLHSS13,
  author       = {Matei Zaharia and
                  Tathagata Das and
                  Haoyuan Li and
                  Timothy Hunter and
                  Scott Shenker and
                  Ion Stoica},
  title        = {Discretized streams: fault-tolerant streaming computation at scale},
  booktitle    = {{SOSP}},
  pages        = {423--438},
  year         = {2013},
  doi          = {10.1145/2517349.2522737},
}

@article{AlexandrovBEFHHKLLMNPRSSHTW14,
  author       = {Alexander Alexandrov and others},
  title        = {The Stratosphere platform for big data analytics},
  journal      = {{VLDB} J.},
  volume       = {23},
  number       = {6},
  pages        = {939--964},
  year         = {2014},
  doi          = {10.1007/s00778-014-0357-y},
}

@article{AkidauBCCFLMMPS15,
  author       = {Tyler Akidau and
                  Robert Bradshaw and
                  Craig Chambers and
                  Slava Chernyak and
                  Rafael Fern{\'{a}}ndez{-}Moctezuma and
                  Reuven Lax and
                  Sam McVeety and
                  Daniel Mills and
                  Frances Perry and
                  Eric Schmidt and
                  Sam Whittle},
  title        = {The Dataflow Model: {A} Practical Approach to Balancing Correctness,
                  Latency, and Cost in Massive-Scale, Unbounded, Out-of-Order Data Processing},
  journal      = {{PVLDB}},
  volume       = {8},
  number       = {12},
  pages        = {1792--1803},
  year         = {2015},
  doi          = {10.14778/2824032.2824076},
}

@inproceedings{ZeuchCMGGGBTM20,
  author       = {Steffen Zeuch and
                  Ankit Chaudhary and
                  Bonaventura Del Monte and
                  Haralampos Gavriilidis and
                  Dimitrios Giouroukis and
                  Philipp M. Grulich and
                  Sebastian Bre{\ss} and
                  Jonas Traub and
                  Volker Markl},
  title        = {The NebulaStream Platform for Data and Application Management in the
                  Internet of Things},
  booktitle    = {{CIDR}},
  year         = {2020},
  url          = {http://cidrdb.org/cidr2020/papers/p7-zeuch-cidr20.pdf},
}

@article{FloratouAGRR17,
  author       = {Avrilia Floratou and
                  Ashvin Agrawal and
                  Bill Graham and
                  Sriram Rao and
                  Karthik Ramasamy},
  title        = {Dhalion: Self-Regulating Stream Processing in Heron},
  journal      = {{PVLDB}},
  volume       = {10},
  number       = {12},
  pages        = {1825--1836},
  year         = {2017},
  doi          = {10.14778/3137765.3137786},
}

@inproceedings{KulkarniBFKKMPR15,
  author       = {Sanjeev Kulkarni and
                  Nikunj Bhagat and
                  Maosong Fu and
                  Vikas Kedigehalli and
                  Christopher Kellogg and
                  Sailesh Mittal and
                  Jignesh M. Patel and
                  Karthik Ramasamy and
                  Siddarth Taneja},
  title        = {Twitter Heron: Stream Processing at Scale},
  booktitle    = {{SIGMOD}},
  pages        = {239--250},
  year         = {2015},
  doi          = {10.1145/2723372.2742788},
}

@inproceedings{WangFMWZ19,
  author       = {Li Wang and
                  Tom Z. J. Fu and
                  Richard T. B. Ma and
                  Marianne Winslett and
                  Zhenjie Zhang},
  title        = {Elasticutor: Rapid Elasticity for Realtime Stateful Stream Processing},
  booktitle    = {{SIGMOD}},
  pages        = {573--588},
  year         = {2019},
  doi          = {10.1145/3299869.3319868},
}

@inproceedings{TatbulCZCS03,
  author       = {Nesime Tatbul and
                  Ugur {\c{C}}etintemel and
                  Stanley B. Zdonik and
                  Mitch Cherniack and
                  Michael Stonebraker},
  title        = {Load Shedding in a Data Stream Manager},
  booktitle    = {{VLDB}},
  pages        = {309--320},
  year         = {2003},
  doi          = {10.1016/B978-012722442-8/50035-5},
}

@article{AbadiCCCCLSTZ03,
  author       = {Daniel J. Abadi and
                  Donald Carney and
                  Ugur {\c{C}}etintemel and
                  Mitch Cherniack and
                  Christian Convey and
                  Sangdon Lee and
                  Michael Stonebraker and
                  Nesime Tatbul and
                  Stanley B. Zdonik},
  title        = {Aurora: a new model and architecture for data stream management},
  journal      = {{VLDB} J.},
  volume       = {12},
  number       = {2},
  pages        = {120--139},
  year         = {2003},
  doi          = {10.1007/s00778-003-0095-z},
}

@inproceedings{BabuMMNW04,
  author       = {Shivnath Babu and
                  Rajeev Motwani and
                  Kamesh Munagala and
                  Itaru Nishizawa and
                  Jennifer Widom},
  title        = {Adaptive Ordering of Pipelined Stream Filters},
  booktitle    = {{SIGMOD}},
  pages        = {407--418},
  year         = {2004},
  doi          = {10.1145/1007568.1007615},
}

@inproceedings{BabuW04,
  author       = {Shivnath Babu and
                  Jennifer Widom},
  title        = {StreaMon: An Adaptive Engine for Stream Query Processing},
  booktitle    = {{SIGMOD}},
  year         = {2004},
  doi          = {10.1145/1007568.1007702},
}

@inproceedings{ChandrasekaranDFHHKMRRS03,
  author       = {Sirish Chandrasekaran and
                  Owen Cooper and
                  Amol Deshpande and
                  Michael J. Franklin and
                  Joseph M. Hellerstein and
                  Wei Hong and
                  Sailesh Krishnamurthy and
                  Samuel Madden and
                  Vijayshankar Raman and
                  Frederick Reiss and
                  Mehul A. Shah},
  title        = {TelegraphCQ: Continuous Dataflow Processing for an Uncertain World},
  booktitle    = {{CIDR}},
  year         = {2003},
  url          = {http://www-db.cs.wisc.edu/cidr/cidr2003/program/p24.pdf},
}

@inproceedings{ChenJDTW00,
  author       = {Jianjun Chen and
                  David J. DeWitt and
                  Feng Tian and
                  Yuan Wang},
  title        = {NiagaraCQ: {A} Scalable Continuous Query System for Internet Databases},
  booktitle    = {{SIGMOD}},
  pages        = {379--390},
  year         = {2000},
  doi          = {10.1145/342009.335432},
}

@inproceedings{AbadiABCCHLMRRTXZ05,
  author       = {Daniel J. Abadi and
                  Yanif Ahmad and
                  Magdalena Balazinska and
                  Ugur {\c{C}}etintemel and
                  Mitch Cherniack and
                  Jeong{-}Hyon Hwang and
                  Wolfgang Lindner and
                  Anurag Maskey and
                  Alex Rasin and
                  Esther Ryvkina and
                  Nesime Tatbul and
                  Ying Xing and
                  Stanley B. Zdonik},
  title        = {The Design of the Borealis Stream Processing Engine},
  booktitle    = {{CIDR}},
  pages        = {277--289},
  year         = {2005},
  url          = {http://cidrdb.org/cidr2005/papers/P23.pdf},
}

@inproceedings{BeyerHRSG07,
  author       = {Kevin S. Beyer and
                  Peter J. Haas and
                  Berthold Reinwald and
                  Yannis Sismanis and
                  Rainer Gemulla},
  title        = {On synopses for distinct-value estimation under multiset operations},
  booktitle    = {{SIGMOD}},
  pages        = {199--210},
  year         = {2007},
  doi          = {10.1145/1247480.1247504},
}

@inproceedings{MullerM22,
  author       = {Magnus M{\"{u}}ller and
                  Guido Moerkotte},
  title        = {Translation Grids for Multi-way Join Size Estimation},
  booktitle    = {{EDBT}},
  pages        = {2:378--2:382},
  year         = {2022},
  doi          = {10.48786/edbt.2022.25},
}

@inproceedings{IzenovDRS21,
  author       = {Yesdaulet Izenov and
                  Asoke Datta and
                  Florin Rusu and
                  Jun Hyung Shin},
  title        = {{COMPASS:} Online Sketch-based Query Optimization for In-Memory Databases},
  booktitle    = {{SIGMOD}},
  pages        = {804--816},
  year         = {2021},
  doi          = {10.1145/3448016.3452840},
}

@inproceedings{Ioannidis93,
  author       = {Yannis E. Ioannidis},
  title        = {Universality of Serial Histograms},
  booktitle    = {{VLDB}},
  pages        = {256--267},
  year         = {1993},
  url          = {http://www.vldb.org/conf/1993/P256.PDF},
}

@inproceedings{Polyzotis05,
  author       = {Neoklis Polyzotis},
  title        = {Selectivity-based partitioning: a divide-and-union paradigm for effective
                  query optimization},
  booktitle    = {{CIKM}},
  pages        = {720--727},
  year         = {2005},
  doi          = {10.1145/1099554.1099730},
}

@inproceedings{BizarroBDW05,
  author       = {Pedro Bizarro and
                  Shivnath Babu and
                  David J. DeWitt and
                  Jennifer Widom},
  title        = {Content-Based Routing: Different Plans for Different Data},
  booktitle    = {{VLDB}},
  year         = {2005},
  url          = {http://www.vldb.org/archives/website/2005/program/paper/thu/p757-bizarro.pdf},
}

@article{TzoumasDJ10,
  author       = {Kostas Tzoumas and
                  Amol Deshpande and
                  Christian S. Jensen},
  title        = {Sharing-Aware Horizontal Partitioning for Exploiting Correlations
                  During Query Processing},
  journal      = {{PVLDB}},
  volume       = {3},
  number       = {1},
  pages        = {542--553},
  year         = {2010},
  doi          = {10.14778/1920841.1920911},
}

@inproceedings{GuptaATKPSS15,
  author       = {Anurag Gupta and
                  Deepak Agarwal and
                  Derek Tan and
                  Jakub Kulesza and
                  Rahul Pathak and
                  Stefano Stefani and
                  Vidhya Srinivasan},
  title        = {Amazon Redshift and the Case for Simpler Data Warehouses},
  booktitle    = {{SIGMOD}},
  pages        = {1917--1923},
  year         = {2015},
  doi          = {10.1145/2723372.2742795},
}

@inproceedings{DagevilleCZAABC16,
  author       = {Beno{\^{\i}}t Dageville and others},
  title        = {The Snowflake Elastic Data Warehouse},
  booktitle    = {{SIGMOD}},
  publisher    = {{ACM}},
  year         = {2016},
  pages        = {215--226},
  url          = {https://doi.org/10.1145/2882903.2903741},
  doi          = {10.1145/2882903.2903741},
  timestamp    = {Wed, 14 Nov 2018 10:56:20 +0100},
  biburl       = {https://dblp.org/rec/conf/sigmod/DagevilleCZAABC16.bib},
  bibsource    = {dblp computer science bibliography, https://dblp.org}
}

@article{abs-2303-15308,
  author       = {Ryan Marcus},
  title        = {Learned Query Superoptimization},
  journal      = {CoRR},
  volume       = {abs/2303.15308},
  year         = {2023},
  url          = {https://doi.org/10.48550/arXiv.2303.15308},
  doi          = {10.48550/arXiv.2303.15308},
}

@inproceedings{MarcusNMTAK21,
  author       = {Ryan Marcus and
                  Parimarjan Negi and
                  Hongzi Mao and
                  Nesime Tatbul and
                  Mohammad Alizadeh and
                  Tim Kraska},
  title        = {Bao: Making Learned Query Optimization Practical},
  booktitle    = {{SIGMOD}},
  pages        = {1275--1288},
  year         = {2021},
  doi          = {10.1145/3448016.3452838},
}

@article{MarcusNMZAKPT19,
  author       = {Ryan C. Marcus and
                  Parimarjan Negi and
                  Hongzi Mao and
                  Chi Zhang and
                  Mohammad Alizadeh and
                  Tim Kraska and
                  Olga Papaemmanouil and
                  Nesime Tatbul},
  title        = {Neo: {A} Learned Query Optimizer},
  journal      = {{PVLDB}},
  volume       = {12},
  number       = {11},
  pages        = {1705--1718},
  year         = {2019},
  doi          = {10.14778/3342263.3342644},
}

@inproceedings{HilprechtB22b,
  author       = {Benjamin Hilprecht and
                  Carsten Binnig},
  title        = {One Model to Rule them All: Towards Zero-Shot Learning for Databases},
  booktitle    = {{CIDR}},
  year         = {2022},
  url          = {https://www.cidrdb.org/cidr2022/papers/p16-hilprecht.pdf},
}

@article{HilprechtB22,
  author       = {Benjamin Hilprecht and
                  Carsten Binnig},
  title        = {Zero-Shot Cost Models for Out-of-the-box Learned Cost Prediction},
  journal      = {{PVLDB}},
  volume       = {15},
  number       = {11},
  pages        = {2361--2374},
  year         = {2022},
  url          = {https://www.vldb.org/pvldb/vol15/p2361-hilprecht.pdf},
}

@article{YangLKWDCAHKS19,
  author       = {Zongheng Yang and
                  Eric Liang and
                  Amog Kamsetty and
                  Chenggang Wu and
                  Yan Duan and
                  Xi Chen and
                  Pieter Abbeel and
                  Joseph M. Hellerstein and
                  Sanjay Krishnan and
                  Ion Stoica},
  title        = {Deep Unsupervised Cardinality Estimation},
  journal      = {{PVLDB}},
  volume       = {13},
  number       = {3},
  pages        = {279--292},
  year         = {2019},
  doi          = {10.14778/3368289.3368294},
}

@article{DuttWNKNC19,
  author       = {Anshuman Dutt and
                  Chi Wang and
                  Azade Nazi and
                  Srikanth Kandula and
                  Vivek R. Narasayya and
                  Surajit Chaudhuri},
  title        = {Selectivity Estimation for Range Predicates using Lightweight Models},
  journal      = {{PVLDB}},
  volume       = {12},
  number       = {9},
  pages        = {1044--1057},
  year         = {2019},
  url          = {http://www.vldb.org/pvldb/vol12/p1044-dutt.pdf},
  doi          = {10.14778/3329772.3329780},
}


@inproceedings{KipfKRLBK19,
  author       = {Andreas Kipf and
                  Thomas Kipf and
                  Bernhard Radke and
                  Viktor Leis and
                  Peter A. Boncz and
                  Alfons Kemper},
  title        = {Learned Cardinalities: Estimating Correlated Joins with Deep Learning},
  booktitle    = {{CIDR}},
  year         = {2019},
  url          = {http://cidrdb.org/cidr2019/papers/p101-kipf-cidr19.pdf},
}

@inproceedings{Lohman17,
  author       = {Guy M. Lohman},
  title        = {Query Optimization - Are We There Yet?},
  booktitle    = {{BTW}},
  pages        = {25--26},
  year         = {2017},
  url          = {https://dl.gi.de/handle/20.500.12116/646},
}

@inproceedings{KraskaBCDP18,
  author       = {Tim Kraska and
                  Alex Beutel and
                  Ed H. Chi and
                  Jeffrey Dean and
                  Neoklis Polyzotis},
  title        = {The Case for Learned Index Structures},
  booktitle    = {{SIGMOD}},
  pages        = {489--504},
  year         = {2018},
  doi          = {10.1145/3183713.3196909},
}

@article{ZeuchPF16,
  author       = {Steffen Zeuch and
                  Holger Pirk and
                  Johann{-}Christoph Freytag},
  title        = {Non-Invasive Progressive Optimization for In-Memory Databases},
  journal      = {{PVLDB}},
  volume       = {9},
  number       = {14},
  pages        = {1659--1670},
  year         = {2016},
  doi          = {10.14778/3007328.3007332},
}

@inproceedings{GrulichBZTBCRM20,
  author       = {Philipp M. Grulich and
                  Sebastian Bre{\ss} and
                  Steffen Zeuch and
                  Jonas Traub and
                  Janis von Bleichert and
                  Zongxiong Chen and
                  Tilmann Rabl and
                  Volker Markl},
  title        = {Grizzly: Efficient Stream Processing Through Adaptive Query Compilation},
  booktitle    = {{SIGMOD}},
  pages        = {2487--2503},
  year         = {2020},
  doi          = {10.1145/3318464.3389739},
}

@inproceedings{RaducanuBZ13,
  author       = {Bogdan Raducanu and
                  Peter A. Boncz and
                  Marcin Zukowski},
  title        = {Micro adaptivity in Vectorwise},
  booktitle    = {{SIGMOD}},
  pages        = {1231--1242},
  year         = {2013},
  doi          = {10.1145/2463676.2465292},
}

@phdthesis{Boehm2011,
  author       = {Matthias Boehm},
  title        = {Cost-based optimization of integration flows},
  school       = {Dresden University of Technology},
  year         = {2011},
  url          = {https://nbn-resolving.org/urn:nbn:de:bsz:14-qucosa-67936},
}

@article{KarpathiotakisBAA14,
  author       = {Manos Karpathiotakis and
                  Miguel Branco and
                  Ioannis Alagiannis and
                  Anastasia Ailamaki},
  title        = {Adaptive Query Processing on {RAW} Data},
  journal      = {{PVLDB}},
  volume       = {7},
  number       = {12},
  pages        = {1119--1130},
  year         = {2014},
  doi          = {10.14778/2732977.2732986},
}

@article{BoehmBERRSTT14,
  author       = {Matthias Boehm and
                  Douglas R. Burdick and
                  Alexandre V. Evfimievski and
                  Berthold Reinwald and
                  Frederick R. Reiss and
                  Prithviraj Sen and
                  Shirish Tatikonda and
                  Yuanyuan Tian},
  title        = {SystemML's Optimizer: Plan Generation for Large-Scale Machine Learning
                  Programs},
  journal      = {{IEEE} Data Eng. Bull.},
  volume       = {37},
  number       = {3},
  pages        = {52--62},
  year         = {2014},
  url          = {http://sites.computer.org/debull/A14sept/p52.pdf},
}

@inproceedings{MoldovanDWJLNSR19,
  author       = {Dan Moldovan and
                  James M. Decker and
                  Fei Wang and
                  Andrew A. Johnson and
                  Brian K. Lee and
                  Zachary Nado and
                  D. Sculley and
                  Tiark Rompf and
                  Alexander B. Wiltschko},
  title        = {AutoGraph: Imperative-style Coding with Graph-based Performance},
  booktitle    = {MLSys},
  year         = {2019},
  url          = {https://proceedings.mlsys.org/book/272.pdf},
}

@inproceedings{HolzleU94,
  author       = {Urs H{\"{o}}lzle and
                  David M. Ungar},
  title        = {Optimizing Dynamically-Dispatched Calls with Run-Time Type Feedback},
  booktitle    = {{PLDI}},
  pages        = {326--336},
  year         = {1994},
  doi          = {10.1145/178243.178478},
}

@article{MoerkotteN11,
  author       = {Guido Moerkotte and
                  Thomas Neumann},
  title        = {Accelerating Queries with Group-By and Join by Groupjoin},
  journal      = {{PVLDB}},
  volume       = {4},
  number       = {11},
  pages        = {843--851},
  year         = {2011},
  url          = {http://www.vldb.org/pvldb/vol4/p843-moerkotte.pdf},
}

@article{WeiT22,
  author    = {Ziyun Wei and
               Immanuel Trummer},
  title     = {SkinnerMT: Parallelizing for Efficiency and Robustness in Adaptive
               Query Processing on Multicore Platforms},
  journal   = {{PVLDB}},
  volume    = {16},
  number    = {4},
  pages     = {905--917},
  year      = {2022},
  url       = {https://www.vldb.org/pvldb/vol16/p905-wei.pdf},
}

@article{Arpaci-Dusseau03,
  author    = {Remzi H. Arpaci{-}Dusseau},
  title     = {Run-time adaptation in river},
  journal   = {{ACM} Trans. Comput. Syst.},
  volume    = {21},
  number    = {1},
  pages     = {36--86},
  year      = {2003},
  doi       = {10.1145/592637.592639},
}

@article{Deshpande04,
  author    = {Amol Deshpande},
  title     = {An initial study of overheads of eddies},
  journal   = {{SIGMOD} Rec.},
  volume    = {33},
  number    = {1},
  pages     = {44--49},
  year      = {2004},
  doi       = {10.1145/974121.974129},
}

@inproceedings{HellersteinA00,
  author    = {Ron Avnur and
               Joseph M. Hellerstein},
  title     = {Eddies: Continuously Adaptive Query Processing},
  booktitle = {{SIGMOD}},
  pages     = {261--272},
  year      = {2000},
  doi       = {10.1145/342009.335420},
}

@article{TrummerWWMMJAR21,
  author    = {Immanuel Trummer and
               Junxiong Wang and
               Ziyun Wei and
               Deepak Maram and
               Samuel Moseley and
               Saehan Jo and
               Joseph Antonakakis and
               Ankush Rayabhari},
  title     = {SkinnerDB: Regret-bounded Query Evaluation via Reinforcement Learning},
  journal   = {{ACM} Trans. Database Syst.},
  volume    = {46},
  number    = {3},
  pages     = {9:1--9:45},
  year      = {2021},
  doi       = {10.1145/3464389},
}

@inproceedings{TrummerWMMJA19,
  author    = {Immanuel Trummer and
               Junxiong Wang and
               Deepak Maram and
               Samuel Moseley and
               Saehan Jo and
               Joseph Antonakakis},
  title     = {SkinnerDB: Regret-Bounded Query Evaluation via Reinforcement Learning},
  booktitle = {{SIGMOD}},
  pages     = {1153--1170},
  year      = {2019},
  doi       = {10.1145/3299869.3300088},
}

@inproceedings{IvesHW04,
  author    = {Zachary G. Ives and
               Alon Y. Halevy and
               Daniel S. Weld},
  title     = {Adapting to Source Properties in Processing Data Integration Queries},
  booktitle = {{SIGMOD}},
  pages     = {395--406},
  year      = {2004},
  doi       = {10.1145/1007568.1007613},
}

@inproceedings{BabuBD05,
  author    = {Shivnath Babu and
               Pedro Bizarro and
               David J. DeWitt},
  title     = {Proactive Re-optimization},
  booktitle = {{SIGMOD}},
  pages     = {107--118},
  year      = {2005},
  doi       = {10.1145/1066157.1066171},
}

@inproceedings{MarklRSLP04,
  author    = {Volker Markl and
               Vijayshankar Raman and
               David E. Simmen and
               Guy M. Lohman and
               Hamid Pirahesh},
  title     = {Robust Query Processing through Progressive Optimization},
  booktitle = {{SIGMOD}},
  pages     = {659--670},
  year      = {2004},
  doi       = {10.1145/1007568.1007642},
}

@inproceedings{KabraD98,
  author    = {Navin Kabra and
               David J. DeWitt},
  title     = {Efficient Mid-Query Re-Optimization of Sub-Optimal Query Execution
               Plans},
  booktitle = {{SIGMOD}},
  pages     = {106--117},
  year      = {1998},
  doi       = {10.1145/276304.276315},
}

@article{BizarroBD09,
  author    = {Pedro Bizarro and
               Nicolas Bruno and
               David J. DeWitt},
  title     = {Progressive Parametric Query Optimization},
  journal   = {{IEEE} Trans. Knowl. Data Eng.},
  volume    = {21},
  number    = {4},
  pages     = {582--594},
  year      = {2009},
  doi       = {10.1109/TKDE.2008.160},
}

@inproceedings{BrunoC02,
  author    = {Nicolas Bruno and
               Surajit Chaudhuri},
  title     = {Exploiting statistics on query expressions for optimization},
  booktitle = {{SIGMOD}},
  pages     = {263--274},
  year      = {2002},
  doi       = {10.1145/564691.564722},
}

@inproceedings{ChenR94,
  author    = {Chung{-}Min Chen and
               Nick Roussopoulos},
  title     = {Adaptive Selectivity Estimation Using Query Feedback},
  booktitle = {{SIGMOD}},
  year      = {1994},
  doi       = {10.1145/191839.191874},
}

@inproceedings{StillgerLMK01,
  author    = {Michael Stillger and
               Guy M. Lohman and
               Volker Markl and
               Mokhtar Kandil},
  title     = {{LEO} - DB2's LEarning Optimizer},
  booktitle = {{VLDB}},
  pages     = {19--28},
  year      = {2001},
  url       = {http://www.vldb.org/conf/2001/P019.pdf},
}

@inproceedings{IvesDR07,
  author    = {Zachary G. Ives and
               Amol Deshpande and
               Vijayshankar Raman},
  title     = {Adaptive query processing: Why, How, When, and What Next?},
  booktitle = {VLDB},
  pages     = {1426--1427},
  year      = {2007},
  url       = {http://www.vldb.org/conf/2007/papers/tutorials/p1426-deshpande.pdf},
}

@inproceedings{DeshpandeHR06,
  author    = {Amol Deshpande and
               Joseph M. Hellerstein and
               Vijayshankar Raman},
  title     = {Adaptive query processing: why, how, when, what next},
  booktitle = {{SIGMOD}},
  pages     = {806--807},
  year      = {2006},
  doi       = {10.1145/1142473.1142603},
}

@article{DeshpandeIR07,
  author    = {Amol Deshpande and
               Zachary G. Ives and
               Vijayshankar Raman},
  title     = {Adaptive Query Processing},
  journal   = {Found. Trends Databases},
  volume    = {1},
  number    = {1},
  pages     = {1--140},
  year      = {2007},
  doi       = {10.1561/1900000001},
}

@inproceedings{BabuB05,
  author    = {Shivnath Babu and
               Pedro Bizarro},
  title     = {Adaptive Query Processing in the Looking Glass},
  booktitle = {{CIDR}},
  pages     = {238--249},
  year      = {2005},
  url       = {http://cidrdb.org/cidr2005/papers/P20.pdf},
}

@inproceedings{ReyFN23,
  author    = {Alice Rey and
               Michael Freitag and
               Thomas Neumann},
  title     = {Seamless Integration of Parquet Files into Data Processing},
  booktitle = {{BTW}},
  pages     = {235--258},
  year      = {2023},
  doi       = {10.18420/BTW2023-12},
}

@inproceedings{JosifovskiSHL02,
  author    = {Vanja Josifovski and
               Peter M. Schwarz and
               Laura M. Haas and
               Eileen Tien Lin},
  title     = {Garlic: a new flavor of federated query processing for {DB2}},
  booktitle = {{SIGMOD}},
  pages     = {524--532},
  year      = {2002},
  doi       = {10.1145/564691.564751},
}

@article{HueskePSRBKT12,
  author    = {Fabian Hueske and
               Mathias Peters and
               Matthias Sax and
               Astrid Rheinl{\"{a}}nder and
               Rico Bergmann and
               Aljoscha Krettek and
               Kostas Tzoumas},
  title     = {Opening the Black Boxes in Data Flow Optimization},
  journal   = {{PVLDB}},
  volume    = {5},
  number    = {11},
  pages     = {1256--1267},
  year      = {2012},
  doi       = {10.14778/2350229.2350244},
}

@article{Haritsa20,
  author    = {Jayant R. Haritsa},
  title     = {Robust Query Processing: Mission Possible},
  journal   = {{PVLDB}},
  volume    = {13},
  number    = {12},
  pages     = {3425--3428},
  year      = {2020},
  doi       = {10.14778/3415478.3415561},
}

@inproceedings{DuttH14,
  author    = {Anshuman Dutt and
               Jayant R. Haritsa},
  editor    = {Curtis E. Dyreson and
               Feifei Li and
               M. Tamer {\"{O}}zsu},
  title     = {Plan bouquets: query processing without selectivity estimation},
  booktitle = {{SIGMOD}},
  pages     = {1039--1050},
  year      = {2014},
  doi       = {10.1145/2588555.2588566},
}

@article{GraefeGKP12,
  author    = {Goetz Graefe and
               Wey Guy and
               Harumi A. Kuno and
               Glenn N. Paulley},
  title     = {Robust Query Processing (Dagstuhl Seminar 12321)},
  journal   = {Dagstuhl Reports},
  volume    = {2},
  number    = {8},
  pages     = {1--15},
  year      = {2012},
  doi       = {10.4230/DagRep.2.8.1},
}

@article{AbhiramaBDSH10,
  author    = {M. Abhirama and
               Sourjya Bhaumik and
               Atreyee Dey and
               Harsh Shrimal and
               Jayant R. Haritsa},
  title     = {On the Stability of Plan Costs and the Costs of Plan Stability},
  journal   = {{PVLDB}},
  volume    = {3},
  number    = {1},
  pages     = {1137--1148},
  year      = {2010},
  doi       = {10.14778/1920841.1920983},
}

@article{DDH08,
  author    = {Harish Doraiswamy and
               Pooja N. Darera and
               Jayant R. Haritsa},
  title     = {Identifying robust plans through plan diagram reduction},
  journal   = {{PVLDB}},
  volume    = {1},
  number    = {1},
  pages     = {1124--1140},
  year      = {2008},
  doi       = {10.14778/1453856.1453976},
}

@inproceedings{DDH07,
  author    = {Harish Doraiswamy and
               Pooja N. Darera and
               Jayant R. Haritsa},
  title     = {On the Production of Anorexic Plan Diagrams},
  booktitle = {VLDB},
  pages     = {1081--1092},
  year      = {2007},
  url       = {http://www.vldb.org/conf/2007/papers/research/p1081-d.pdf},
}


@inproceedings{ReddyH05,
  author    = {Naveen Reddy and
               Jayant R. Haritsa},
  title     = {Analyzing Plan Diagrams of Database Query Optimizers},
  booktitle = {VLDB},
  pages     = {1228--1240},
  year      = {2005},
  url       = {http://www.vldb.org/archives/website/2005/program/paper/fri/p1228-reddy.pdf},
}

@article{Haritsa10,
  author    = {Jayant R. Haritsa},
  title     = {The Picasso Database Query Optimizer Visualizer},
  journal   = {{PVLDB}},
  volume    = {3},
  number    = {2},
  pages     = {1517--1520},
  year      = {2010},
  doi       = {10.14778/1920841.1921027},
}

@article{HanKLLM08,
  author    = {Wook{-}Shin Han and
               Wooseong Kwak and
               Jinsoo Lee and
               Guy M. Lohman and
               Volker Markl},
  title     = {Parallelizing query optimization},
  journal   = {{PVLDB}},
  volume    = {1},
  number    = {1},
  pages     = {188--200},
  year      = {2008},
  doi       = {10.14778/1453856.1453882},
}

@inproceedings{BehrMK23,
  author    = {Henriette Behr and
               Volker Markl and
               Zoi Kaoudi},
  title     = {Learn What Really Matters: {A} Learning-to-Rank Approach for ML-based
               Query Optimization},
  booktitle = {{BTW}},
  pages     = {535--554},
  year      = {2023},
  url       = {https://doi.org/10.18420/BTW2023-25},
  doi       = {10.18420/BTW2023-25},
}

@article{MoerkotteNS09,
  author    = {Guido Moerkotte and
               Thomas Neumann and
               Gabriele Steidl},
  title     = {Preventing Bad Plans by Bounding the Impact of Cardinality Estimation
               Errors},
  journal   = {{PVLDB}},
  volume    = {2},
  number    = {1},
  pages     = {982--993},
  year      = {2009},
  doi       = {10.14778/1687627.1687738},
}

@inproceedings{IoannidisC91,
  author    = {Yannis E. Ioannidis and
               Stavros Christodoulakis},
  title     = {On the Propagation of Errors in the Size of Join Results},
  booktitle = {{SIGMOD}},
  pages     = {268--277},
  year      = {1991},
  doi       = {10.1145/115790.115835},
}

@inproceedings{KanneM10,
  author    = {Carl{-}Christian Kanne and
               Guido Moerkotte},
  title     = {Histograms reloaded: the merits of bucket diversity},
  booktitle = {{SIGMOD}},
  pages     = {663--674},
  year      = {2010},
  doi       = {10.1145/1807167.1807239},
}

@article{LeisGMBK015,
  author    = {Viktor Leis and
               Andrey Gubichev and
               Atanas Mirchev and
               Peter A. Boncz and
               Alfons Kemper and
               Thomas Neumann},
  title     = {How Good Are Query Optimizers, Really?},
  journal   = {{PVLDB}},
  volume    = {9},
  number    = {3},
  pages     = {204--215},
  year      = {2015},
  doi       = {10.14778/2850583.2850594},
}

@inproceedings{IlyasMHBA04,
  author    = {Ihab F. Ilyas and
               Volker Markl and
               Peter J. Haas and
               Paul Brown and
               Ashraf Aboulnaga},
  title     = {{CORDS:} Automatic Discovery of Correlations and Soft Functional Dependencies},
  booktitle = {{SIGMOD}},
  pages     = {647--658},
  doi       = {10.1145/1007568.1007641},
  year      = {2004},
}

@inproceedings{MoerkotteN08,
  author    = {Guido Moerkotte and
               Thomas Neumann},
  title     = {Dynamic programming strikes back},
  booktitle = {{SIGMOD}},
  pages     = {539--552},
  year      = {2008},
  doi       = {10.1145/1376616.1376672},
}

@inproceedings{MoerkotteN06,
  author    = {Guido Moerkotte and
               Thomas Neumann},
  title     = {Analysis of Two Existing and One New Dynamic Programming Algorithm
               for the Generation of Optimal Bushy Join Trees without Cross Products},
  booktitle = {VLDB},
  pages     = {930--941},
  year      = {2006},
}

@inproceedings{SelingerACLP79,
  author    = {Patricia G. Selinger and
               Morton M. Astrahan and
               Donald D. Chamberlin and
               Raymond A. Lorie and
               Thomas G. Price},
  title     = {Access Path Selection in a Relational Database Management System},
  booktitle = {{SIGMOD}},
  pages     = {23--34},
  year      = {1979},
  doi       = {10.1145/582095.582099},
}

@misc{mape05,
  author = "IBM",
  year = "2005",
  title = {{An architectural blueprint for autonomic computing}},
  note = {Whitepaper}
}

@misc{moerkotte23,
  author = "Guido Moerkotte",
  year = "2023",
  title = {{Building Query Compilers}},
  url = "https://pi3.informatik.uni-mannheim.de/~moer/querycompiler.pdf",
  note = {Last Accessed: February 9, 2024}
}

@inproceedings{ONeilOCR09,
  author    = {Patrick E. O'Neil and
               Elizabeth J. O'Neil and
               Xuedong Chen and
               Stephen Revilak},
  editor    = {Raghunath Othayoth Nambiar and
               Meikel Poess},
  title     = {The Star Schema Benchmark and Augmented Fact Table Indexing},
  booktitle = {{TPCTC}},
  pages     = {237--252},
  year      = {2009},
  doi       = {10.1007/978-3-642-10424-4\_17}
}

%%%%%%%%%%%%%%%%%%%%%%%%%%%%%%%%%

@article{DBLP:journals/dagstuhl-reports/Borovica-GajicG17,
  author    = {Renata Borovica{-}Gajic and
               Goetz Graefe and
               Allison W. Lee},
  title     = {Robust Performance in Database Query Processing (Dagstuhl Seminar
               17222)},
  journal   = {Dagstuhl Reports},
  volume    = {7},
  number    = {5},
  pages     = {169--180},
  year      = {2017},
  url       = {https://doi.org/10.4230/DagRep.7.5.169},
  doi       = {10.4230/DagRep.7.5.169},
  timestamp = {Thu, 01 Oct 2020 09:25:24 +0200},
  biburl    = {https://dblp.org/rec/journals/dagstuhl-reports/Borovica-GajicG17.bib},
  bibsource = {dblp computer science bibliography, https://dblp.org}
}

@article{DBLP:journals/dagstuhl-reports/Borovica-GajicG22,
  author    = {Renata Borovica{-}Gajic and
               Goetz Graefe and
               Allison W. Lee and
               Caetano Sauer and
               Pinar T{\"{o}}z{\"{u}}n},
  title     = {Database Indexing and Query Processing (Dagstuhl Seminar 22111)},
  journal   = {Dagstuhl Reports},
  volume    = {12},
  number    = {3},
  pages     = {82--96},
  year      = {2022},
  url       = {https://doi.org/10.4230/DagRep.12.3.82},
  doi       = {10.4230/DagRep.12.3.82},
  timestamp = {Tue, 15 Nov 2022 14:47:11 +0100},
  biburl    = {https://dblp.org/rec/journals/dagstuhl-reports/Borovica-GajicG22.bib},
  bibsource = {dblp computer science bibliography, https://dblp.org}
}

@mastersthesis{thesis/Ebergen22,
  author    = {Tom Ebergen},
  title     = {Join Order Optimization with (Almost) No Statistics},
  year      = {2022},
  url       = "https://homepages.cwi.nl/~boncz/msc/2022-TomEbergen.pdf"
}

@article{DBLP:journals/vldb/LeisRGMBKN18,
  author    = {Viktor Leis and
               Bernhard Radke and
               Andrey Gubichev and
               Atanas Mirchev and
               Peter A. Boncz and
               Alfons Kemper and
               Thomas Neumann},
  title     = {Query optimization through the looking glass, and what we found running
               the Join Order Benchmark},
  journal   = {{VLDB} J.},
  volume    = {27},
  number    = {5},
  pages     = {643--668},
  year      = {2018},
  url       = {https://doi.org/10.1007/s00778-017-0480-7},
  doi       = {10.1007/s00778-017-0480-7},
  timestamp = {Wed, 10 Oct 2018 15:21:17 +0200},
  biburl    = {https://dblp.org/rec/journals/vldb/LeisRGMBKN18.bib},
  bibsource = {dblp computer science bibliography, https://dblp.org}
}

@article{DBLP:journals/sigmod/PerscheidPRST22,
  author       = {Michael Perscheid and
                  Hasso Plattner and
                  Daniel Ritter and
                  Rainer Schlosser and
                  Ralf Teusner},
  title        = {Enterprise Platform and Integration Concepts Research at {HPI}},
  journal      = {{SIGMOD} Rec.},
  volume       = {51},
  number       = {4},
  pages        = {68--73},
  year         = {2022},
  url          = {https://doi.org/10.1145/3582302.3582322},
  doi          = {10.1145/3582302.3582322},
  timestamp    = {Wed, 22 Feb 2023 21:12:13 +0100},
  biburl       = {https://dblp.org/rec/journals/sigmod/PerscheidPRST22.bib},
  bibsource    = {dblp computer science bibliography, https://dblp.org}
}

@misc{SSB-ONeil2009-qs,
  added-at = {2015-04-23T11:39:33.000+0200},
  author = {O'Neil, P E and O'Neil, E J and Chen, X},
  biburl = {https://www.bibsonomy.org/bibtex/26dc770318eb757ebc65ac4c3bce019d2/christophv},
  interhash = {f9888ff1bd9d1c912fd349429e9a424b},
  intrahash = {6dc770318eb757ebc65ac4c3bce019d2},
  keywords = {Benchmarks Expose},
  timestamp = {2016-01-04T14:22:08.000+0100},
  title = {The Star Schema Benchmark ({SSB})},
  year = 2009,
  url = "https://cs.umb.edu/~poneil/StarSchemaB.pdf", 
  note = {Last Accessed: February 9, 2024}
}

@article{JoinOrderBenchmark,
  acmid = {2850594},
  added-at = {2016-12-07T11:29:46.000+0100},
  author = {Leis, Viktor and Gubichev, Andrey and Mirchev, Atanas and Boncz, Peter and Kemper, Alfons and Neumann, Thomas},
  biburl = {https://www.bibsonomy.org/bibtex/2fd532f44e11957e3fe47f7bf18ac5500/kaymueller},
  doi = {10.14778/2850583.2850594},
  interhash = {bf1ed0ce338f5678c1fef6621879d910},
  intrahash = {fd532f44e11957e3fe47f7bf18ac5500},
  issn = {2150-8097},
  issue_date = {November 2015},
  journal = {PVLDB},
  keywords = {kilt-fusion},
  month = nov,
  number = 3,
  numpages = {12},
  pages = {204--215},
  publisher = {VLDB Endowment},
  timestamp = {2016-12-07T11:29:46.000+0100},
  title = {How Good Are Query Optimizers, Really?},
  url = {http://dx.doi.org/10.14778/2850583.2850594},
  volume = 9,
  year = 2015
}

@article{LDBC,
  author       = {Renzo Angles and others},
  title        = {The {LDBC} Social Network Benchmark},
  journal      = {CoRR},
  volume       = {abs/2001.02299},
  year         = {2020},
  url          = {http://arxiv.org/abs/2001.02299},
  eprinttype    = {arXiv},
  eprint       = {2001.02299},
  timestamp    = {Thu, 10 Dec 2020 13:35:12 +0100},
  biburl       = {https://dblp.org/rec/journals/corr/abs-2001-02299.bib},
  bibsource    = {dblp computer science bibliography, https://dblp.org}
}

@misc{tpch,
  author = {{Transaction Processing Council}},
  year = "1993",
  title = {{TPC Benchmark H (Decision Support)}},
  url = "https://www.tpc.org/tpch/", 
  note = {Last Accessed: February 9, 2024}
}


@inproceedings{JCC-H,
  added-at = {2020-02-03T00:00:00.000+0100},
  author = {Peter A. Boncz and
                  Angelos{-}Christos G. Anadiotis and
                  Steffen Kl{\"{a}}be},
  biburl = {https://www.bibsonomy.org/bibtex/27836c349d60116c2a474cfe36ad90177/dblp},
  booktitle = {TPCTC},
  crossref = {conf/tpctc/2017},
  editor = {Nambiar, Raghunath and Poess, Meikel},
  ee = {https://doi.org/10.1007/978-3-319-72401-0_8},
  interhash = {f814652223e92db073ba77e45292cb5b},
  intrahash = {7836c349d60116c2a474cfe36ad90177},
  isbn = {978-3-319-72401-0},
  keywords = {dblp},
  pages = {103-119},
  timestamp = {2020-02-04T11:44:34.000+0100},
  title = {JCC-H: Adding Join Crossing Correlations with Skew to TPC-H.},
  url = {http://dblp.uni-trier.de/db/conf/tpctc/tpctc2017.html#BonczAK17},
  volume = 10661,
  year = 2017
}

@inproceedings{DBLP:conf/damon/SchubertGZM23,
  author       = {Nils L. Schubert and
                  Philipp M. Grulich and
                  Steffen Zeuch and
                  Volker Markl},
  title        = {Exploiting Access Pattern Characteristics for Join Reordering},
  booktitle    = {DaMoN@SIGMOD},
  pages        = {10--18},
  year         = {2023},
  doi          = {10.1145/3592980.3595304},
}

@inproceedings{DBLP:conf/sigmod/StonebrakerR86,
  author       = {Michael Stonebraker and
                  Lawrence A. Rowe},
  editor       = {Carlo Zaniolo},
  title        = {The Design of Postgres},
  booktitle    = {{SIGMOD}},
  pages        = {340--355},
  publisher    = {{ACM} Press},
  year         = {1986},
  url          = {https://doi.org/10.1145/16894.16888},
  doi          = {10.1145/16894.16888},
  timestamp    = {Sat, 31 Jul 2021 17:22:21 +0200},
  biburl       = {https://dblp.org/rec/conf/sigmod/StonebrakerR86.bib},
  bibsource    = {dblp computer science bibliography, https://dblp.org}
}

@inproceedings{DingCN20,
  author       = {Bailu Ding and
                  Surajit Chaudhuri and
                  Vivek R. Narasayya},
  title        = {Bitvector-aware Query Optimization for Decision Support Queries},
  booktitle    = {{SIGMOD}},
  pages        = {2011--2026},
  publisher    = {{ACM}},
  year         = {2020},
  url          = {https://doi.org/10.1145/3318464.3389769},
  doi          = {10.1145/3318464.3389769},
  timestamp    = {Wed, 04 May 2022 13:02:28 +0200},
  biburl       = {https://dblp.org/rec/conf/sigmod/DingCN20.bib},
  bibsource    = {dblp computer science bibliography, https://dblp.org}
}

@article{LeeDNC23,
  author       = {Kukjin Lee and
                  Anshuman Dutt and
                  Vivek R. Narasayya and
                  Surajit Chaudhuri},
  title        = {Analyzing the Impact of Cardinality Estimation on Execution Plans
                  in Microsoft {SQL} Server},
  journal      = {{PVLDB}},
  volume       = {16},
  number       = {11},
  pages        = {2871--2883},
  year         = {2023},
  url          = {https://www.vldb.org/pvldb/vol16/p2871-dutt.pdf},
  doi          = {10.14778/3611479.3611494},
  timestamp    = {Mon, 23 Oct 2023 16:16:16 +0200},
  biburl       = {https://dblp.org/rec/journals/pvldb/LeeDNC23.bib},
  bibsource    = {dblp computer science bibliography, https://dblp.org}
}

% Journals

% First the Full Name is given, then the abbreviation used in the AMS Math
% Reviews, with an indication if it could not be found there.
% Note the 2nd overwrites the 1st, so swap them if you want the full name.

 %{AMS}
 @String{AMSTrans = "American Mathematical Society Translations" }
 @String{AMSTrans = "Amer. Math. Soc. Transl." }
 @String{BullAMS = "Bulletin of the American Mathematical Society" }
 @String{BullAMS = "Bull. Amer. Math. Soc." }
 @String{ProcAMS = "Proceedings of the American Mathematical Society" }
 @String{ProcAMS = "Proc. Amer. Math. Soc." }
 @String{TransAMS = "Transactions of the American Mathematical Society" }
 @String{TransAMS = "Trans. Amer. Math. Soc." }

 %ACM
 @String{CACM = "Communications of the {ACM}" }
 @String{CACM = "Commun. {ACM}" }
 @String{CompServ = "Comput. Surveys" }
 @String{JACM = "J. ACM" }
 @String{ACMMathSoft = "{ACM} Transactions on Mathematical Software" }
 @String{ACMMathSoft = "{ACM} Trans. Math. Software" }
 @String{SIGNUM = "{ACM} {SIGNUM} Newsletter" }
 @String{SIGNUM = "{ACM} {SIGNUM} Newslett." }

 @String{AmerSocio = "American Journal of Sociology" }
 @String{AmerStatAssoc = "Journal of the American Statistical Association" }
 @String{AmerStatAssoc = "J. Amer. Statist. Assoc." }
 @String{ApplMathComp = "Applied Mathematics and Computation" }
 @String{ApplMathComp = "Appl. Math. Comput." }
 @String{AmerMathMonthly = "American Mathematical Monthly" }
 @String{AmerMathMonthly = "Amer. Math. Monthly" }
 @String{BIT = "{BIT}" }
 @String{BritStatPsych = "British Journal of Mathematical and Statistical
          Psychology" }
 @String{BritStatPsych = "Brit. J. Math. Statist. Psych." }
 @String{CanMathBull = "Canadian Mathematical Bulletin" }
 @String{CanMathBull = "Canad. Math. Bull." }
 @String{CompApplMath = "Journal of Computational and Applied Mathematics" }
 @String{CompApplMath = "J. Comput. Appl. Math." }
 @String{CompPhys = "Journal of Computational Physics" }
 @String{CompPhys = "J. Comput. Phys." }
 @String{CompStruct = "Computers and Structures" }
 @String{CompStruct = "Comput. \& Structures" }
 @String{CompJour = "The Computer Journal" }
 @String{CompJour = "Comput. J." }
 @String{CompSysSci = "Journal of Computer and System Sciences" }
 @String{CompSysSci = "J. Comput. System Sci." }
 @String{Computing = "Computing" }
 @String{ContempMath = "Contemporary Mathematics" }
 @String{ContempMath = "Contemp. Math." }
 @String{Crelle = "Crelle's Journal" }
 @String{GiornaleMath = "Giornale di Mathematiche" }
 @String{GiornaleMath = "Giorn. Mat." } % didn't find in AMS MR., ibid.

 %IEEE
 @String{Computer = "{IEEE} Computer" }
 @String{IEEETransComp = "{IEEE} Transactions on Computers" }
 @String{IEEETransComp = "{IEEE} Trans. Comput." }
 @String{IEEETransAC = "{IEEE} Transactions on Automatic Control" }
 @String{IEEETransAC = "{IEEE} Trans. Automat. Control" }
 @String{IEEESpec = "{IEEE} Spectrum" } % didn't find in AMS MR
 @String{ProcIEEE = "Proceedings of the {IEEE}" }
 @String{ProcIEEE = "Proc. {IEEE}" } % didn't find in AMS MR
 @String{IEEETransAeroElec = "{IEEE} Transactions on Aerospace and Electronic
     Systems" }
 @String{IEEETransAeroElec = "{IEEE} Trans. Aerospace Electron. Systems" }

 @String{IMANumerAna = "{IMA} Journal of Numerical Analysis" }
 @String{IMANumerAna = "{IMA} J. Numer. Anal." }
 @String{InfProcLet = "Information Processing Letters" }
 @String{InfProcLet = "Inform. Process. Lett." }
 @String{InstMathApp = "Journal of the Institute of Mathematics and
     its Applications" }
 @String{InstMathApp = "J. Inst. Math. Appl." }
 @String{IntControl = "International Journal of Control" }
 @String{IntControl = "Internat. J. Control" }
 @String{IntNumerEng = "International Journal for Numerical Methods in
     Engineering" }
 @String{IntNumerEng = "Internat. J. Numer. Methods Engrg." }
 @String{IntSuper = "International Journal of Supercomputing Applications" }
 @String{IntSuper = "Internat. J. Supercomputing Applic." } % didn't find
%% in AMS MR
 @String{Kibernetika = "Kibernetika" }
 @String{JResNatBurStand = "Journal of Research of the National Bureau
     of Standards" }
 @String{JResNatBurStand = "J. Res. Nat. Bur. Standards" }
 @String{LinAlgApp = "Linear Algebra and its Applications" }
 @String{LinAlgApp = "Linear Algebra Appl." }
 @String{MathAnaAppl = "Journal of Mathematical Analysis and Applications" }
 @String{MathAnaAppl = "J. Math. Anal. Appl." }
 @String{MathAnnalen = "Mathematische Annalen" }
 @String{MathAnnalen = "Math. Ann." }
 @String{MathPhys = "Journal of Mathematical Physics" }
 @String{MathPhys = "J. Math. Phys." }
 @String{MathComp = "Mathematics of Computation" }
 @String{MathComp = "Math. Comp." }
 @String{MathScand = "Mathematica Scandinavica" }
 @String{MathScand = "Math. Scand." }
 @String{TablesAidsComp = "Mathematical Tables and Other Aids to Computation" }
 @String{TablesAidsComp = "Math. Tables Aids Comput." }
 @String{NumerMath = "Numerische Mathematik" }
 @String{NumerMath = "Numer. Math." }
 @String{PacificMath = "Pacific Journal of Mathematics" }
 @String{PacificMath = "Pacific J. Math." }
 @String{ParDistComp = "Journal of Parallel and Distributed Computing" }
 @String{ParDistComp = "J. Parallel and Distrib. Comput." } % didn't find
%% in AMS MR
 @String{ParComputing = "Parallel Computing" }
 @String{ParComputing = "Parallel Comput." }
 @String{PhilMag = "Philosophical Magazine" }
 @String{PhilMag = "Philos. Mag." }
 @String{ProcNAS = "Proceedings of the National Academy of Sciences
                    of the USA" }
 @String{ProcNAS = "Proc. Nat. Acad. Sci. U. S. A." }
 @String{Psychometrika = "Psychometrika" }
 @String{QuartMath = "Quarterly Journal of Mathematics, Oxford, Series (2)" }
 @String{QuartMath = "Quart. J. Math. Oxford Ser. (2)" }
 @String{QuartApplMath = "Quarterly of Applied Mathematics" }
 @String{QuartApplMath = "Quart. Appl. Math." }
 @String{RevueInstStat = "Review of the International Statisical Institute" }
 @String{RevueInstStat = "Rev. Inst. Internat. Statist." }

 %SIAM
 @String{JSIAM = "Journal of the Society for Industrial and Applied
     Mathematics" }
 @String{JSIAM = "J. Soc. Indust. Appl. Math." }
 @String{JSIAMB = "Journal of the Society for Industrial and Applied
     Mathematics, Series B, Numerical Analysis" }
 @String{JSIAMB = "J. Soc. Indust. Appl. Math. Ser. B Numer. Anal." }
 @String{SIAMAlgMeth = "{SIAM} Journal on Algebraic and Discrete Methods" }
 @String{SIAMAlgMeth = "{SIAM} J. Algebraic Discrete Methods" }
 @String{SIAMAppMath = "{SIAM} Journal on Applied Mathematics" }
 @String{SIAMAppMath = "{SIAM} J. Appl. Math." }
 @String{SIAMComp = "{SIAM} Journal on Computing" }
 @String{SIAMComp = "{SIAM} J. Comput." }
 @String{SIAMMatrix = "{SIAM} Journal on Matrix Analysis and Applications" }
 @String{SIAMMatrix = "{SIAM} J. Matrix Anal. Appl." }
 @String{SIAMNumAnal = "{SIAM} Journal on Numerical Analysis" }
 @String{SIAMNumAnal = "{SIAM} J. Numer. Anal." }
 @String{SIAMReview = "{SIAM} Review" }
 @String{SIAMReview = "{SIAM} Rev." }
 @String{SIAMSciStat = "{SIAM} Journal on Scientific and Statistical
     Computing" }
 @String{SIAMSciStat = "{SIAM} J. Sci. Statist. Comput." }

 @String{SoftPracExp = "Software Practice and Experience" }
 @String{SoftPracExp = "Software Prac. Experience" } % didn't find in AMS MR
 @String{StatScience = "Statistical Science" }
 @String{StatScience = "Statist. Sci." }
 @String{Techno = "Technometrics" }
 @String{USSRCompMathPhys = "{USSR} Computational Mathematics and Mathematical
     Physics" }
 @String{USSRCompMathPhys = "{U. S. S. R.} Comput. Math. and Math. Phys." }
 @String{VLSICompSys = "Journal of {VLSI} and Computer Systems" }
 @String{VLSICompSys = "J. {VLSI} Comput. Syst." }
 @String{ZAngewMathMech = "Zeitschrift fur Angewandte Mathematik und
     Mechanik" }
 @String{ZAngewMathMech = "Z. Angew. Math. Mech." }
 @String{ZAngewMathPhys = "Zeitschrift fur Angewandte Mathematik und Physik" }
 @String{ZAngewMathPhys = "Z. Angew. Math. Phys." }

% Publishers % ================================================= |

 @String{Academic = "Academic Press" }
 @String{ACMPress = "{ACM} Press" }
 @String{AdamHilger = "Adam Hilger" }
 @String{AddisonWesley = "Addison-Wesley" }
 @String{AllynBacon = "Allyn and Bacon" }
 @String{AMS = "American Mathematical Society" }
 @String{Birkhauser = "Birkha{\"u}ser" }
 @String{CambridgePress = "Cambridge University Press" }
 @String{Chelsea = "Chelsea" }
 @String{ClaredonPress = "Claredon Press" }
 @String{DoverPub = "Dover Publications" }
 @String{Eyolles = "Eyolles" }
 @String{HoltRinehartWinston = "Holt, Rinehart and Winston" }
 @String{Interscience = "Interscience" }
 @String{JohnsHopkinsPress = "The Johns Hopkins University Press" }
 @String{JohnWileySons = "John Wiley and Sons" }
 @String{Macmillan = "Macmillan" }
 @String{MathWorks = "The Math Works Inc." }
 @String{McGrawHill = "McGraw-Hill" }
 @String{NatBurStd = "National Bureau of Standards" }
 @String{NorthHolland = "North-Holland" }
 @String{OxfordPress = "Oxford University Press" }  %address Oxford or London?
 @String{PergamonPress = "Pergamon Press" }
 @String{PlenumPress = "Plenum Press" }
 @String{PrenticeHall = "Prentice-Hall" }
 @String{SIAMPub = "{SIAM} Publications" }
 @String{Springer = "Springer-Verlag" }
 @String{TexasPress = "University of Texas Press" }
 @String{VanNostrand = "Van Nostrand" }
 @String{WHFreeman = "W. H. Freeman and Co." }