


@inproceedings{Baunsgaard0IKLO22,
  author    = {Sebastian Baunsgaard and
               Matthias Boehm and
               Kevin Innerebner and
               Mito Kehayov and
               Florian Lackner and
               Olga Ovcharenko and
               Arnab Phani and
               Tobias Rieger and
               David Weissteiner and
               Sebastian Benjamin Wrede},
  title     = {Federated Data Preparation, Learning, and Debugging in Apache SystemDS},
  booktitle = {{CIKM}},
  pages     = {4813--4817},
  year      = {2022},
  doi       = {10.1145/3511808.3557162},
}

@inproceedings{XinMPP21,
  author    = {Doris Xin and
               Hui Miao and
               Aditya G. Parameswaran and
               Neoklis Polyzotis},
  title     = {{Production Machine Learning Pipelines: Empirical Analysis and Optimization
               Opportunities}},
  booktitle = {{SIGMOD}},
  pages     = {2639--2652},
  year      = {2021},
  url       = {https://doi.org/10.1145/3448016.3457566},
  doi       = {10.1145/3448016.3457566}
}

@article{0001RIL0K20,
  author  = {Lukas Vogel and
             Alexander van Renen and
             Satoshi Imamura and
             Viktor Leis and
             Thomas Neumann and
             Alfons Kemper},
  title   = {{Mosaic: A Budget-Conscious Storage Engine for Relational Database
             Systems}},
  journal = {{PVLDB}},
  volume  = {13},
  number  = {11},
  pages   = {2662--2675},
  year    = {2020},
  url     = {https://doi.org/10.14778/3565838.3565858},
  doi     = {10.14778/3565838.3565858}
}

@inproceedings{LaschSLS21,
  author    = {Robert Lasch and
               Robert Schulze and
               Thomas Legler and
               Kai{-}Uwe Sattler},
  title     = {{Workload-Driven Placement of Column-Store Data Structures on DRAM
               and NVM}},
  booktitle = {DaMoN@SIGMOD Workshop},
  pages     = {5:1--5:8},
  year      = {2021},
  url       = {https://doi.org/10.1145/3465998.3466008},
  doi       = {10.1145/3465998.3466008}
}

@article{abs-2203-14540,
  author  = {Paolo Ferragina and
             Travis Gagie and
             Dominik K{\"{o}}ppl and
             Giovanni Manzini and
             Gonzalo Navarro and
             Manuel Striani and
             Francesco Tosoni},
  title   = {Improving Matrix-vector Multiplication via Lossless Grammar-Compressed
             Matrices},
  journal = {CoRR},
  volume  = {abs/2203.14540},
  year    = {2022},
  url     = {https://doi.org/10.14778/3547305.3547321},
  doi     = {10.14778/3547305.3547321}
}

@inproceedings{ZhuHMD17,
  author    = {Chenzhuo Zhu and
               Song Han and
               Huizi Mao and
               William J. Dally},
  title     = {{Trained Ternary Quantization}},
  booktitle = {{ICLR}},
  year      = {2017},
  url       = {https://openreview.net/forum?id=S1\_pAu9xl}
}

@article{abs-1810-08061,
  author  = {Dan Moldovan and 
             James M Decker and 
             Fei Wang and 
             Andrew A Johnson and
             Brian K Lee and 
             Zachary Nado and 
             D Sculley and 
             Tiark Rompf and 
             Alexander B Wiltschko   
             },
  title   = {{AutoGraph: Imperative-style Coding with Graph-based Performance}},
  journal = {SysML},
  year    = {2019},
  url     = {https://proceedings.mlsys.org/book/272.pdf}
}

@inproceedings{CenKMK21,
  author    = {Lujing Cen and
               Andreas Kipf and
               Ryan Marcus and
               Tim Kraska},
  title     = {{LEA: A Learned Encoding Advisor for Column Stores}},
  booktitle = {aiDM@SIGMOD},
  pages     = {32--35},
  year      = {2021},
  url       = {https://doi.org/10.1145/3464509.3464885},
  doi       = {10.1145/3464509.3464885}
}

@misc{saphana,
  author = {SAP},
  title  = {SAP HANA Performance Guide for Developers},
  year   = {2019},
  note   = {\url{https://help.sap.com/doc/05b8cb60dfd94c82b86828ee77f7e0d9/2.0.04/en-US/SAP_HANA_Performance_Developer_Guide_en.pdf}}
}

@misc{teradata,
  author = {Teradata},
  title  = {Teradata Documentation - Table Statements, USING FAST MODE},
  year   = {2021},
  note   = {\url{https://docs.teradata.com/r/76g1CuvvQlYBjb2WPIuk3g/Ls7re6GN7m3Tw_faIYIN2Q}}
}

@misc{amazon,
  author = {Jianmo Ni},
  title  = {{Amazon Product Data - Books}},
  note   = {\url{https://cseweb.ucsd.edu/~jmcauley/datasets/amazon\_v2/}},
  year   = {2018}
}

@inproceedings{HeM16,
  author    = {Ruining He and
               Julian McAuley},
  title     = {{Ups and Downs: Modeling the Visual Evolution of Fashion Trends with
               One-Class Collaborative Filtering}},
  booktitle = {{WWW}},
  pages     = {507--517},
  year      = {2016},
  url       = {https://doi.org/10.1145/2872427.2883037},
  doi       = {10.1145/2872427.2883037}
}

@misc{infimnist,
  author = {L\'{e}on Bottou and Ga\"{e}lle Loosli},
  title  = {{The infinite MNIST dataset}},
  note   = {\url{https://leon.bottou.org/projects/infimnist}},
  year   = {2007}
}

@misc{airline,
  author = {{American Statistical Association (ASA)}},
  title  = {{Airline on-time performance dataset}},
  note   = {\url{https://stat-computing.org/dataexpo/2009/the-data.html}},
  year   = {2009}
}

@misc{uci,
  author      = {Dua, Dheeru and Graff, Casey},
  year        = {2017},
  title       = {{UCI Machine Learning Repository}},
  url         = {https://archive.ics.uci.edu/ml},
  institution = {University of California, Irvine, School of Information and Computer Sciences}
}


@article{BoehmBERRSTT14,
  author  = {Matthias B{\"{o}}hm and
             Douglas R. Burdick and
             Alexandre V. Evfimievski and
             Berthold Reinwald and
             Frederick R. Reiss and
             Prithviraj Sen and
             Shirish Tatikonda and
             Yuanyuan Tian},
  title   = {{SystemML's Optimizer: Plan Generation for Large-Scale Machine Learning
             Programs}},
  journal = {{IEEE} Data Eng. Bull.},
  volume  = {37},
  number  = {3},
  pages   = {52--62},
  year    = {2014}
}

@inproceedings{MoritzNWTLLEYPJ18,
  author    = {Philipp Moritz and
               Robert Nishihara and
               Stephanie Wang and
               Alexey Tumanov and
               Richard Liaw and
               Eric Liang and
               Melih Elibol and
               Zongheng Yang and
               William Paul and
               Michael I. Jordan and
               Ion Stoica},
  title     = {Ray: {A} Distributed Framework for Emerging {AI} Applications},
  booktitle = {{OSDI}},
  pages     = {561--577},
  year      = {2018},
  doi       = {10.48550/arXiv.1712.05889}
}

@inproceedings{0001K15,
  author    = {Thomas Neumann and
               Alfons Kemper},
  title     = {Unnesting Arbitrary Queries},
  booktitle = {{BTW}},
  pages     = {383--402},
  year      = {2015},
  url       = {https://dl.gi.de/20.500.12116/2418}
}

@inproceedings{BeyerHRSG07,
  author    = {Kevin S. Beyer and
               Peter J. Haas and
               Berthold Reinwald and
               Yannis Sismanis and
               Rainer Gemulla},
  title     = {On synopses for distinct-value estimation under multiset operations},
  booktitle = {{SIGMOD}},
  pages     = {199--210},
  year      = {2007},
  url       = {https://doi.org/10.1145/1247480.1247504},
  doi       = {10.1145/1247480.1247504}
}

@inproceedings{HeuleNH13,
  author    = {Stefan Heule and
               Marc Nunkesser and
               Alexander Hall},
  title     = {HyperLogLog in practice: algorithmic engineering of a state of the
               art cardinality estimation algorithm},
  booktitle = {{EDBT}},
  pages     = {683--692},
  year      = {2013},
  url       = {https://doi.org/10.1145/2452376.2452456},
  doi       = {10.1145/2452376.2452456}
}

@inproceedings{Sagadeeva021,
  author    = {Svetlana Sagadeeva and
               Matthias Boehm},
  title     = {SliceLine: Fast, Linear-Algebra-based Slice Finding for {ML} Model
               Debugging},
  booktitle = {{SIGMOD}},
  pages     = {1426--1439},
  year      = {2021},
  url       = {https://doi.org/10.1145/3448016.3457323},
  doi       = {10.1145/3448016.3457323}
}

@inproceedings{AbboudBBK20,
  author    = {Amir Abboud and
               Arturs Backurs and
               Karl Bringmann and
               Marvin K{\"{u}}nnemann},
  title     = {Impossibility Results for Grammar-Compressed Linear Algebra},
  booktitle = {{NeurIPS}},
  year      = {2020},
  url       = {https://arxiv.org/abs/2010.14181}
}

@inproceedings{TabeiSYP16,
  author    = {Yasuo Tabei and
               Hiroto Saigo and
               Yoshihiro Yamanishi and
               Simon J. Puglisi},
  title     = {Scalable Partial Least Squares Regression on Grammar-Compressed Data
               Matrices},
  booktitle = {{SIGKDD}},
  pages     = {1875--1884},
  year      = {2016},
  url       = {https://doi.org/10.1145/2939672.2939864},
  doi       = {10.1145/2939672.2939864}
}

@inproceedings{abs-2107-05768,
  author    = {Hongyu Ren and
               Hanjun Dai and
               Zihang Dai and
               Mengjiao Yang and
               Jure Leskovec and
               Dale Schuurmans and
               Bo Dai},
  title     = {{Combiner: Full Attention Transformer with Sparse Computation Cost}},
  booktitle = {{NeurIPS}},
 url = {https://proceedings.neurips.cc/paper_files/paper/2021/file/bd4a6d0563e0604510989eb8f9ff71f5-Paper.pdf},
  year      = {2021}
}

@inproceedings{FrankleD0C21,
  author    = {Jonathan Frankle and
               Gintare Karolina Dziugaite and
               Daniel Roy and
               Michael Carbin},
  title     = {{Pruning Neural Networks at Initialization: Why Are We Missing the
               Mark?}},
  booktitle = {{ICLR}},
  year      = {2021},
  url       = {https://openreview.net/forum?id=Ig-VyQc-MLK}
}

@inproceedings{Sommer0ERH19,
  author    = {Johanna Sommer and
               Matthias Boehm and
               Alexandre V. Evfimievski and
               Berthold Reinwald and
               Peter J. Haas},
  title     = {{MNC:} Structure-Exploiting Sparsity Estimation for Matrix Expressions},
  booktitle = {{SIGMOD}},
  pages     = {1607--1623},
  year      = {2019}
}

@inproceedings{LuoJYJ21,
  author    = {Shangyu Luo and
               Dimitrije Jankov and
               Binhang Yuan and
               Chris Jermaine},
  title     = {Automatic Optimization of Matrix Implementations for Distributed Machine
               Learning and Linear Algebra},
  booktitle = {{SIGMOD}},
  pages     = {1222--1234},
  year      = {2021},
  url       = {https://doi.org/10.1145/3448016.3457317},
  doi       = {10.1145/3448016.3457317}
}

@article{BoehmRHSEP18,
  author  = {Matthias Boehm and
             Berthold Reinwald and
             Dylan Hutchison and
             Prithviraj Sen and
             Alexandre V. Evfimievski and
             Niketan Pansare},
  title   = {{On Optimizing Operator Fusion Plans for Large-Scale Machine Learning
             in SystemML}},
  journal = {{PVLDB}},
  volume  = {11},
  number  = {12},
  pages   = {1755--1768},
  year    = {2018},
  url     = {https://doi.org/10.14778/3229863.3229865},
  doi     = {10.14778/3229863.3229865}
}

@inproceedings{Olukotun21,
  author    = {Kunle Olukotun},
  title     = {Keynote: "Let the Data Flow!"},
  booktitle = {{CIDR}},
  year      = {2021}
}

@inproceedings{SuchRLSC20,
  author    = {Felipe Petroski Such and
               Aditya Rawal and
               Joel Lehman and
               Kenneth O. Stanley and
               Jeffrey Clune},
  title     = {{Generative Teaching Networks: Accelerating Neural Architecture Search
               by Learning to Generate Synthetic Training Data}},
  booktitle = {{ICML}},
  pages     = {9206--9216},
  year      = {2020},
  url       = {https://doi.org/10.48550/arXiv.1912.07768}
}

@inproceedings{BoehmADGIKLPR20,
  author    = {Matthias Boehm and
               Iulian Antonov and
               Sebastian Baunsgaard and
               Mark Dokter and
               Robert Ginth{\"{o}}r and
               Kevin Innerebner and
               Florijan Klezin and
               Stefanie N. Lindstaedt and
               Arnab Phani and
               Benjamin Rath and
               Berthold Reinwald and
               Shafaq Siddiqui and
               Sebastian Benjamin Wrede},
  title     = {{SystemDS: A Declarative Machine Learning System for the End-to-End
               Data Science Lifecycle}},
  booktitle = {{CIDR}},
  year      = {2020},
  url       = {https://doi.org/10.48550/arXiv.1909.02976}
}

@article{BoehmDEEMPRRSST16,
  author  = {Matthias Boehm and
             Michael Dusenberry and
             Deron Eriksson and
             Alexandre V. Evfimievski and
             Faraz Makari Manshadi and
             Niketan Pansare and
             Berthold Reinwald and
             Frederick Reiss and
             Prithviraj Sen and
             Arvind Surve and
             Shirish Tatikonda},
  title   = {{SystemML: Declarative Machine Learning on Spark}},
  journal = {{PVLDB}},
  volume  = {9},
  number  = {13},
  pages   = {1425--1436},
  year    = {2016},
  url     = {https://doi.org/10.14778/3007263.3007279},
  doi     = {10.14778/3007263.3007279}
}

@article{WillhalmPBPZS09,
  author  = {Thomas Willhalm and
             Nicolae Popovici and
             Yazan Boshmaf and
             Hasso Plattner and
             Alexander Zeier and
             Jan Schaffner},
  title   = {SIMD-Scan: Ultra Fast in-Memory Table Scan using on-Chip Vector Processing
             Units},
  journal = {{PVLDB}},
  volume  = {2},
  number  = {1},
  pages   = {385--394},
  year    = {2009},
  url     = {https://doi.org/10.14778/1687627.1687671},
  doi     = {10.14778/1687627.1687671}
}

@inproceedings{RamanS06,
  author    = {Vijayshankar Raman and
               Garret Swart},
  title     = {How to Wring a Table Dry: Entropy Compression of Relations and Querying
               of Compressed Relations},
  booktitle = {{VLDB}},
  pages     = {858--869},
  year      = {2006},
  url       = {http://dl.acm.org/citation.cfm?id=1164201}
}

@book{Wolfram02,
  author    = {Stephen Wolfram},
  title     = {A New Kind of Science - Data Compression},
  publisher = {Wolfram-Media},
  pages     = {1069},
  year      = {2002}
}

@inproceedings{0001J19,
  author    = {Martin Boissier and
               Max Jendruk},
  title     = {{Workload-Driven and Robust Selection of Compression Schemes for Column
               Stores}},
  booktitle = {{EDBT}},
  pages     = {674--677},
  year      = {2019},
  url       = {https://doi.org/10.5441/002/edbt.2019.84},
  doi       = {10.5441/002/edbt.2019.84}
}

@inproceedings{Baunsgaard0CDGG21,
  author    = {Sebastian Baunsgaard and
               Matthias Boehm and
               Ankit Chaudhary and
               Behrouz Derakhshan and
               Stefan Gei{\ss}els{\"{o}}der and
               Philipp M. Grulich and
               Michael Hildebrand and
               Kevin Innerebner and
               Volker Markl and
               Claus Neubauer and
               Sarah Osterburg and
               Olga Ovcharenko and
               Sergey Redyuk and
               Tobias Rieger and
               Alireza Rezaei Mahdiraji and
               Sebastian Benjamin Wrede and
               Steffen Zeuch},
  title     = {ExDRa: Exploratory Data Science on Federated Raw Data},
  booktitle = {{SIGMOD}},
  pages     = {2450--2463},
  year      = {2021},
  url       = {https://doi.org/10.1145/3448016.3457549},
  doi       = {10.1145/3448016.3457549}
}

@misc{Saeta18,
  author = {Brennan Saeta},
  title  = {Training Performance A user’s guide to converge faster, TF Dev Summit},
  year   = {2018}
}

@misc{A100,
  author = {NVIDIA},
  title  = {NVIDIA A100 Tensor Core GPU Architecture - UNPRECEDENTED ACCELERATION AT EVERY SCALE},
  year   = {2020},
  note   = {\url{https://images.nvidia.com/aem-dam/en-zz/Solutions/data-center/nvidia-ampere-architecture-whitepaper.pdf}}
}

@inproceedings{SeideFDLY14,
  author    = {Frank Seide and
               Hao Fu and
               Jasha Droppo and
               Gang Li and
               Dong Yu},
  title     = {1-bit stochastic gradient descent and its application to data-parallel
               distributed training of speech DNNs},
  booktitle = {{INTERSPEECH}},
  pages     = {1058--1062},
  year      = {2014},
  url       = {http://www.isca-speech.org/archive/interspeech\_2014/i14\_1058.html}
}

@misc{tfmopt1,
  author = {Google},
  title  = {TensorFlow Model Optimization Toolkit - Pruning API},
  year   = {2019},
  note   = {\url{https://blog.tensorflow.org/2019/05/tf-model-optimization-toolkit-pruning-API.html}}
}


@misc{tfmopt2,
  author = {Google},
  title  = {Quantization Aware Training with TensorFlow Model Optimization Toolkit - Performance with Accuracy},
  year   = {2020},
  note   = {\url{https://blog.tensorflow.org/2020/04/quantization-aware-training-with-tensorflow-model-optimization-toolkit.html}}
}

@inproceedings{KosterWWNBCEHHK17,
  author    = {Urs K{\"{o}}ster and
               Tristan Webb and
               Xin Wang and
               Marcel Nassar and
               Arjun K. Bansal and
               William Constable and
               Oguz Elibol and
               Stewart Hall and
               Luke Hornof and
               Amir Khosrowshahi and
               Carey Kloss and
               Ruby J. Pai and
               Naveen Rao},
  title     = {Flexpoint: An Adaptive Numerical Format for Efficient Training of
               Deep Neural Networks},
  booktitle = {{NeurIPS}},
  pages     = {1742--1752},
  year      = {2017},
  url       = {https://proceedings.neurips.cc/paper/2017/hash/a0160709701140704575d499c997b6ca-Abstract.html}
}
                                

@inproceedings{WangCBCG18,
  author    = {Naigang Wang and
               Jungwook Choi and
               Daniel Brand and
               Chia{-}Yu Chen and
               Kailash Gopalakrishnan},
  title     = {Training Deep Neural Networks with 8-bit Floating Point Numbers},
  booktitle = {{NeurIPS}},
  pages     = {7686--7695},
  year      = {2018},
  url       = {https://proceedings.neurips.cc/paper/2018/hash/335d3d1cd7ef05ec77714a215134914c-Abstract.html}
}


@inproceedings{BhattacherjeeDS14,
  author    = {Souvik Bhattacherjee and
               Amol Deshpande and
               Alan Sussman},
  title     = {PStore: an efficient storage framework for managing scientific data},
  booktitle = {{SSDBM}},
  pages     = {25:1--25:12},
  year      = {2014},
  url       = {https://doi.org/10.1145/2618243.2618268},
  doi       = {10.1145/2618243.2618268}
}

@inproceedings{AbadiBCCDDDGIIK16,
  author    = {Mart{\'{\i}}n Abadi and
               Paul Barham and
               Jianmin Chen and
               Zhifeng Chen and
               Andy Davis and
               Jeffrey Dean and
               Matthieu Devin and
               Sanjay Ghemawat and
               Geoffrey Irving and
               Michael Isard and
               Manjunath Kudlur and
               Josh Levenberg and
               Rajat Monga and
               Sherry Moore and
               Derek Gordon Murray and
               Benoit Steiner and
               Paul A. Tucker and
               Vijay Vasudevan and
               Pete Warden and
               Martin Wicke and
               Yuan Yu and
               Xiaoqiang Zheng},
  title     = {TensorFlow: {A} System for Large-Scale Machine Learning},
  booktitle = {{OSDI}},
  pages     = {265--283},
  year      = {2016},
  url       = {https://www.usenix.org/conference/osdi16/technical-sessions/presentation/abadi}
}

@incollection{PaszkeSFAJGTZNLAAEZMASBLJS19,
  author    = {Paszke, Adam and
               Gross, Sam and
               Massa, Francisco and
               Lerer, Adam and
               Bradbury, James and
               Chanan, Gregory and
               Killeen, Trevor and
               Lin, Zeming and
               Gimelshein, Natalia and
               Antiga, Luca and
               Desmaison, Alban and
               Kopf, Andreas and
               Yang, Edward and
               DeVito, Zachary and
               Raison, Martin and
               Tejani, Alykhan and
               Chilamkurthy, Sasank and
               Steiner, Benoit and
               Fang, Lu and
               Bai, Junjie and
               Chintala, Soumith},
  title     = {PyTorch: An Imperative Style, High-Performance Deep Learning Library},
  booktitle = {Advances in Neural Information Processing Systems 32},
  pages     = {8024--8035},
  year      = {2019},
  publisher = {Curran Associates, Inc.},
  url       = {http://papers.neurips.cc/paper/9015-pytorch-an-imperative-style-high-performance-deep-learning-library.pdf}
}

@article{BlackfordPPRWDDDHHo02,
  title   = {An updated set of basic linear algebra subprograms (BLAS)},
  author  = {Blackford, L Susan and
             Petitet, Antoine and
             Pozo, Roldan and
             Remington, Karin and
             Whaley, R Clint and
             Demmel, James and
             Dongarra, Jack and
             Duff, Iain and
             Hammarling, Sven and
             Henry, Greg and
             others},
  journal = {ACM Transactions on Mathematical Software},
  volume  = {28},
  number  = {2},
  pages   = {135--151},
  year    = {2002},
  url     = {https://doi.org/10.1145/567806.567807},
  doi     = {10.1145/567806.567807}
} 

@inproceedings{Rocklin15,
  author    = { Matthew Rocklin },
  title     = { Dask: Parallel Computation with Blocked algorithms and Task Scheduling },
  booktitle = { Proceedings of the 14th Python in Science Conference },
  pages     = { 130 - 136 },
  year      = { 2015 },
  editor    = { Kathryn Huff and James Bergstra },
  doi       = { 10.25080/Majora-7b98e3ed-013 }
}

@manual{DASK16,
  title  = {Dask: Library for dynamic task scheduling},
  author = {{Dask Development Team}},
  year   = {2016},
  url    = {https://dask.org}
}

@inproceedings{IlkhechiCGMFSC20,
  author    = {Amir Ilkhechi and
               Andrew Crotty and
               Alex Galakatos and
               Yicong Mao and
               Grace Fan and
               Xiran Shi and
               Ugur {\c{C}}etintemel},
  title     = {DeepSqueeze: Deep Semantic Compression for Tabular Data},
  booktitle = {{SIGMOD}},
  pages     = {1733--1746},
  year      = {2020},
  url       = {https://doi.org/10.1145/3318464.3389734},
  doi       = {10.1145/3318464.3389734}
}

@inproceedings{JiangFY018,
  author    = {Jiawei Jiang and
               Fangcheng Fu and
               Tong Yang and
               Bin Cui},
  title     = {{SketchML: Accelerating Distributed Machine Learning with Data Sketches}},
  booktitle = {{SIGMOD}},
  pages     = {1269--1284},
  year      = {2018},
  url       = {https://doi.org/10.1145/3183713.3196894},
  doi       = {10.1145/3183713.3196894}
}

@inproceedings{Zhang0KALZ17,
  author    = {Hantian Zhang and
               Jerry Li and
               Kaan Kara and
               Dan Alistarh and
               Ji Liu and
               Ce Zhang},
  title     = {ZipML: Training Linear Models with End-to-End Low Precision, and a
               Little Bit of Deep Learning},
  booktitle = {{ICML}},
  pages     = {4035--4043},
  year      = {2017},
  url       = {https://proceedings.mlr.press/v70/zhang17e.html}
}

@inproceedings{ParkQSM19,
  author    = {Yongjoo Park and
               Jingyi Qing and
               Xiaoyang Shen and
               Barzan Mozafari},
  title     = {{BlinkML: Efficient Maximum Likelihood Estimation with Probabilistic
               Guarantees}},
  booktitle = {{SIGMOD}},
  pages     = {1135--1152},
  year      = {2019},
  url       = {https://doi.org/10.1145/3299869.3300077},
  doi       = {10.1145/3299869.3300077}
}


@article{WangKZAZM19,
  author  = {Zeke Wang and
             Kaan Kara and
             Hantian Zhang and
             Gustavo Alonso and
             Ce Zhang and
             Onur Mutlu},
  title   = {{Accelerating Generalized Linear Models with MLWeaving: {A} One-Size-Fits-All
             System for Any-precision Learning}},
  journal = {{PVLDB}},
  volume  = {12},
  number  = {7},
  pages   = {807--821},
  year    = {2019},
  url     = {https://doi.org/10.14778/3317315.3317322},
  doi     = {10.14778/3317315.3317322}
}

@inproceedings{Moerkotte98,
  author    = {Guido Moerkotte},
  title     = {Small Materialized Aggregates: {A} Light Weight Index Structure for
               Data Warehousing},
  booktitle = {{VLDB}},
  pages     = {476--487},
  year      = {1998}
}

@inproceedings{LiuUJSME19,
  author    = {Chunwei Liu and
               McKade Umbenhower and
               Hao Jiang and
               Pranav Subramaniam and
               Jihong Ma and
               Aaron J. Elmore},
  title     = {{Mostly Order Preserving Dictionaries}},
  booktitle = {{ICDE}},
  pages     = {1214--1225},
  year      = {2019},
  doi       = {10.1109/ICDE.2019.00111}
}

@inproceedings{HollowayRSD07,
  author    = {Allison L. Holloway and
               Vijayshankar Raman and
               Garret Swart and
               David J. DeWitt},
  title     = {How to barter bits for chronons: compression and bandwidth trade offs
               for database scans},
  booktitle = {{SIGMOD}},
  pages     = {389--400},
  year      = {2007},
  url       = {https://doi.org/10.1145/1247480.1247525},
  doi       = {10.1145/1247480.1247525}
}

@inproceedings{LangMFB0K16,
  author    = {Harald Lang and
               Tobias M{\"{u}}hlbauer and
               Florian Funke and
               Peter A. Boncz and
               Thomas Neumann and
               Alfons Kemper},
  title     = {{Data Blocks: Hybrid OLTP and OLAP on Compressed Storage using
               both Vectorization and Compilation}},
  booktitle = {{SIGMOD}},
  pages     = {311--326},
  year      = {2016},
  url       = {https://doi.org/10.1145/2882903.2882925},
  doi       = {10.1145/2882903.2882925}
}

@article{BlalockMG18,
  author  = {Davis W. Blalock and
             Samuel Madden and
             John V. Guttag},
  title   = {Sprintz: Time Series Compression for the Internet of Things},
  journal = {Proc. {ACM} Interact. Mob. Wearable Ubiquitous Technol.},
  volume  = {2},
  number  = {3},
  pages   = {93:1--93:23},
  year    = {2018},
  url     = {https://doi.org/10.1145/3264903},
  doi     = {10.1145/3264903}
}

@inproceedings{YangCWGLMLKA20,
  author    = {Zongheng Yang and
               Badrish Chandramouli and
               Chi Wang and
               Johannes Gehrke and
               Yinan Li and
               Umar Farooq Minhas and
               Per{-}{\AA}ke Larson and
               Donald Kossmann and
               Rajeev Acharya},
  title     = {{Qd-tree: Learning Data Layouts for Big Data Analytics}},
  booktitle = {{SIGMOD}},
  pages     = {193--208},
  year      = {2020},
  url       = {https://doi.org/10.1145/3318464.3389770},
  doi       = {10.1145/3318464.3389770}
}

@article{KimuraNS11,
  author  = {Hideaki Kimura and
             Vivek R. Narasayya and
             Manoj Syamala},
  title   = {{Compression Aware Physical Database Design}},
  journal = {{PVLDB}},
  volume  = {4},
  number  = {10},
  pages   = {657--668},
  year    = {2011},
  url     = {https://doi.org/10.14778/2021017.2021023},
  doi     = {10.14778/2021017.2021023}
}

@article{DammeUHHL19,
  author  = {Patrick Damme and
             Annett Ungeth{\"{u}}m and
             Juliana Hildebrandt and
             Dirk Habich and
             Wolfgang Lehner},
  title   = {From a Comprehensive Experimental Survey to a Cost-based Selection
             Strategy for Lightweight Integer Compression Algorithms},
  journal = {{ACM} Trans. Database Syst.},
  volume  = {44},
  number  = {3},
  pages   = {9:1--9:46},
  year    = {2019},
  url     = {https://doi.org/10.1145/3323991},
  doi     = {10.1145/3323991}
}

@inproceedings{DammeHHL17,
  author    = {Patrick Damme and
               Dirk Habich and
               Juliana Hildebrandt and
               Wolfgang Lehner},
  title     = {Lightweight Data Compression Algorithms: An Experimental Survey (Experiments
               and Analyses)},
  booktitle = {{EDBT}},
  pages     = {72--83},
  year      = {2017},
  url       = {https://doi.org/10.5441/002/edbt.2017.08},
  doi       = {10.5441/002/edbt.2017.08}
}

@article{RamanABCKKLLLLMMPSSSSZ13,
  author  = {Vijayshankar Raman and
             Gopi K. Attaluri and
             Ronald Barber and
             Naresh Chainani and
             David Kalmuk and
             Vincent KulandaiSamy and
             Jens Leenstra and
             Sam Lightstone and
             Shaorong Liu and
             Guy M. Lohman and
             Tim Malkemus and
             Ren{\'{e}} M{\"{u}}ller and
             Ippokratis Pandis and
             Berni Schiefer and
             David Sharpe and
             Richard Sidle and
             Adam J. Storm and
             Liping Zhang},
  title   = {{DB2} with {BLU} Acceleration: So Much More than Just a Column Store},
  journal = {{PVLDB}},
  volume  = {6},
  number  = {11},
  pages   = {1080--1091},
  year    = {2013},
  url     = {https://doi.org/10.14778/2536222.2536233},
  doi     = {10.14778/2536222.2536233}
}


@inproceedings{BinnigHF09,
  author    = {Carsten Binnig and
               Stefan Hildenbrand and
               Franz F{\"{a}}rber},
  title     = {{Dictionary-based order-preserving string compression for main memory
               column stores}},
  booktitle = {{SIGMOD}},
  pages     = {283--296},
  year      = {2009},
  url       = {https://doi.org/10.14778/2536222.2536233},
  doi       = {10.14778/2536222.2536233}
}

@inproceedings{ZukowskiHNB06,
  author    = {Marcin Zukowski and
               S{\'{a}}ndor H{\'{e}}man and
               Niels Nes and
               Peter A. Boncz},
  title     = {{Super-Scalar RAM-CPU Cache Compression}},
  booktitle = {{ICDE}},
  pages     = {59},
  year      = {2006},
  url       = {https://doi.org/10.1109/ICDE.2006.150},
  doi       = {10.1109/ICDE.2006.150}
}

@article{AbadiBH09,
  author  = {Daniel J. Abadi and
             Peter A. Boncz and
             Stavros Harizopoulos},
  title   = {Column oriented Database Systems},
  journal = {{PVLDB}},
  volume  = {2},
  number  = {2},
  pages   = {1664--1665},
  year    = {2009},
  url     = {https://doi.org/10.14778/1687553.1687625},
  doi     = {10.14778/1687553.1687625}
}

@inproceedings{AbadiMF06,
  author    = {Daniel J. Abadi and
               Samuel Madden and
               Miguel Ferreira},
  title     = {{Integrating compression and execution in column-oriented database
               systems}},
  booktitle = {{SIGMOD}},
  pages     = {671--682},
  year      = {2006},
  url       = {https://doi.org/10.1145/1142473.1142548},
  doi       = {10.1145/1142473.1142548}
}

@misc{hdf5,
  author = {The HDF Group},
  title  = {The HDF5 Library and File Format},
  year   = {2021},
  note   = {\url{https://www.hdfgroup.org/solutions/hdf5/}}
}

@inproceedings{SchleichOK0N19,
  author    = {Maximilian Schleich and
               Dan Olteanu and
               Mahmoud Abo Khamis and
               Hung Q. Ngo and
               XuanLong Nguyen},
  title     = {{A Layered Aggregate Engine for Analytics Workloads}},
  booktitle = {{SIGMOD}},
  pages     = {1642--1659},
  year      = {2019},
  url       = {https://doi.org/10.1145/3299869.3324961},
  doi       = {10.1145/3299869.3324961}
}

@inproceedings{SchleichOC16,
  author    = {Maximilian Schleich and
               Dan Olteanu and
               Radu Ciucanu},
  title     = {Learning Linear Regression Models over Factorized Joins},
  booktitle = {{SIGMOD}},
  pages     = {3--18},
  year      = {2016},
  url       = {https://doi.org/10.1145/2882903.2882939},
  doi       = {10.1145/2882903.2882939}
}

@article{ElgoharyBHRR18,
  author  = {Ahmed Elgohary and
             Matthias Boehm and
             Peter J. Haas and
             Frederick R. Reiss and
             Berthold Reinwald},
  title   = {{Compressed linear algebra for large-scale machine learning}},
  journal = {{VLDB} J.},
  volume  = {27},
  number  = {5},
  pages   = {719--744},
  year    = {2018},
  url     = {https://doi.org/10.1145/3318221},
  doi     = {10.1145/3318221}
}

@article{ElgoharyBHRR16,
  author  = {Ahmed Elgohary and
             Matthias Boehm and
             Peter J. Haas and
             Frederick R. Reiss and
             Berthold Reinwald},
  title   = {Compressed Linear Algebra for Large-Scale Machine Learning},
  journal = {{PVLDB}},
  volume  = {9},
  number  = {12},
  pages   = {960--971},
  year    = {2016},
  url     = {https://doi.org/10.14778/2994509.2994515},
  doi     = {10.14778/2994509.2994515}
}

@inproceedings{KourtisGK08,
  author    = {Kornilios Kourtis and
               Georgios I. Goumas and
               Nectarios Koziris},
  title     = {{Optimizing sparse matrix-vector multiplication using index and value
               compression}},
  booktitle = {CF},
  pages     = {87--96},
  year      = {2008},
  url       = {https://doi.org/10.1145/1366230.1366244},
  doi       = {10.1145/1366230.1366244}
}

@inproceedings{RamakrishnaCAJS,
  author  = {Ramakrishna Varadarajan and
             Bibek Bharathan and 
             Ariel Cary and
             Jaimin Dave and 
             Sreenath Bodagala},
  title   = {{DBDesigner: A customizable physical design tool for Vertica Analytic Database}},
  journal = {{ICDE}},
  year    = {2014},
  pages   = {1084--1095},
  url     = {https://doi.org/10.1109/ICDE.2014.6816725},
  doi     = {10.1109/ICDE.2014.6816725}
}

@article{KarakasisGKGK13,
  author  = {Vasileios Karakasis and
             Theodoros Gkountouvas and
             Kornilios Kourtis and
             Georgios I. Goumas and
             Nectarios Koziris},
  title   = {{An Extended Compression Format for the Optimization of Sparse Matrix-Vector
             Multiplication}},
  journal = {{IEEE} Trans. Parallel Distributed Syst.},
  volume  = {24},
  number  = {10},
  pages   = {1930--1940},
  year    = {2013},
  doi     = {10.1109/TPDS.2012.290}
}

@misc{Saad94sparskit,
  author = {Youcef Saad},
  title  = {SPARSKIT: a basic tool kit for sparse matrix computations - Version 2},
  year   = {1994}
}

@article{Olteanu20,
  author  = {Dan Olteanu},
  title   = {{The Relational Data Borg is Learning}},
  journal = {{PVLDB}},
  volume  = {13},
  number  = {12},
  pages   = {3502--3515},
  year    = {2020},
  url     = {https://doi.org/10.14778/3415478.3415572},
  doi     = {10.14778/3415478.3415572}
}

@inproceedings{LiCZ00NP19,
  author    = {Fengan Li and
               Lingjiao Chen and
               Yijing Zeng and
               Arun Kumar and
               Xi Wu and
               Jeffrey F. Naughton and
               Jignesh M. Patel},
  title     = {{Tuple-oriented Compression for Large-scale Mini-batch Stochastic Gradient
               Descent}},
  booktitle = {{SIGMOD}},
  pages     = {1517--1534},
  year      = {2019},
  url       = {https://doi.org/10.1145/3299869.3300070},
  doi       = {10.1145/3299869.3300070}
}

@article{ChenKNP17,
  author  = {Lingjiao Chen and
             Arun Kumar and
             Jeffrey F. Naughton and
             Jignesh M. Patel},
  title   = {Towards Linear Algebra over Normalized Data},
  journal = {{PVLDB}},
  volume  = {10},
  number  = {11},
  pages   = {1214--1225},
  year    = {2017},
  url     = {https://doi.org/10.14778/3137628.3137633},
  doi     = {10.14778/3137628.3137633}
}

@inproceedings{KumarNP15,
  author    = {Arun Kumar and
               Jeffrey F. Naughton and
               Jignesh M. Patel},
  title     = {{Learning Generalized Linear Models Over Normalized Data}},
  booktitle = {{SIGMOD}},
  pages     = {1969--1984},
  year      = {2015},
  url       = {https://doi.org/10.1145/2723372.2723713},
  doi       = {10.1145/2723372.2723713}
}

@article{PapadopoulosDMM16,
  author  = {Stavros Papadopoulos and
             Kushal Datta and
             Samuel Madden and
             Timothy G. Mattson},
  title   = {{The TileDB Array Data Storage Manager}},
  journal = {{PVLDB}},
  volume  = {10},
  number  = {4},
  pages   = {349--360},
  year    = {2016},
  url     = {https://doi.org/10.14778/3025111.3025117},
  doi     = {10.14778/3025111.3025117}
}

@inproceedings{StonebrakerBPR11,
  author    = {Michael Stonebraker and
               Paul Brown and
               Alex Poliakov and
               Suchi Raman},
  title     = {The Architecture of SciDB},
  booktitle = {{SSDBM}},
  pages     = {1--16},
  year      = {2011},
  url       = {https://doi.org/10.1007/978-3-642-22351-8_1},
  doi       = {10.1007/978-3-642-22351-8_1}
}

@inproceedings{ZahariaCDDMMFSS12,
  author    = {Matei Zaharia and
               Mosharaf Chowdhury and
               Tathagata Das and
               Ankur Dave and
               Justin Ma and
               Murphy McCauly and
               Michael J. Franklin and
               Scott Shenker and
               Ion Stoica},
  title     = {{Resilient Distributed Datasets: A Fault-Tolerant Abstraction for
               In-Memory Cluster Computing}},
  booktitle = {{NSDI}},
  pages     = {15--28},
  year      = {2012}
}

@article{AlexandrovBEFHHKLLMNPRSSHTW14,
  author  = {Alexander Alexandrov and
             Rico Bergmann and
             Stephan Ewen and
             Johann{-}Christoph Freytag and
             Fabian Hueske and
             Arvid Heise and
             Odej Kao and
             Marcus Leich and
             Ulf Leser and
             Volker Markl and
             Felix Naumann and
             Mathias Peters and
             Astrid Rheinl{\"{a}}nder and
             Matthias J. Sax and
             Sebastian Schelter and
             Mareike H{\"{o}}ger and
             Kostas Tzoumas and
             Daniel Warneke},
  title   = {{The Stratosphere platform for big data analytics}},
  journal = {{VLDB} J.},
  volume  = {23},
  number  = {6},
  pages   = {939--964},
  year    = {2014},
  url     = {https://doi.org/10.1007/s00778-014-0357-y},
  doi     = {10.1007/s00778-014-0357-y}
}


@inproceedings{Boissier22,
  author  = {Martin Boissier},
  title   = {{Robust and Budget-Constrained Encoding Configurations for In-Memory Database Systems}},
  journal = {{PVLDB}},
  volume  = {15},
  number  = {4},
  pages   = {780-793},
  year    = {2022},
  url     = {https://doi.org/10.14778/3503585.3503588},
  doi     = {10.14778/3503585.3503588}
}


@article{JMLR:QNN,
  author  = {Itay Hubara and
             Matthieu Courbariaux and
             Daniel Soudry and
             Ran El-Yaniv and
             Yoshua Bengio},
  title   = {{Quantized Neural Networks: Training Neural Networks with Low Precision Weights and Activations}},
  journal = {JMLR},
  year    = {2018},
  volume  = {18},
  number  = {187},
  pages   = {1-30},
  url     = {http://jmlr.org/papers/v18/16-456.html}
}

@misc{TFQuantizationAndPruning,
  author       = {Suharsh Sivakumar},
  title        = {{Inside TensorFlow: TF Model Optimization Toolkit (Quantization and Pruning)}},
  howpublished = {\url{https://youtu.be/4iq-d2AmfRU}}
}

@article{MitigatingDataMovementGoogle,
  author     = {Boroumand, Amirali and
                Ghose, Saugata and
                Kim, Youngsok and
                Ausavarungnirun, Rachata and
                Shiu, Eric and
                Thakur, Rahul and
                Kim, Daehyun and
                Kuusela, Aki and
                Knies, Allan and
                Ranganathan, Parthasarathy and
                et al.},
  title      = {{Google Workloads for Consumer Devices: Mitigating Data Movement Bottlenecks}},
  year       = {2018},
  issue_date = {November 2018},
  publisher  = {Association for Computing Machinery},
  address    = {New York, NY, USA},
  volume     = {53},
  number     = {2},
  issn       = {0362-1340},
  url        = {https://doi.org/10.1145/3296957.3173177},
  doi        = {10.1145/3296957.3173177},
  journal    = {SIGPLAN Not.},
  pages      = {316–331},
  numpages   = {16},
  keywords   = {consumer workloads, energy efficiency, data movement, memory systems, processing-in-memory}
}


@inproceedings{IEEE-8514891,
  author    = {D. {Tao} and
               S. {Di} and
               X. {Liang} and
               Z. {Chen} and
               F. {Cappello}},
  booktitle = {2018 IEEE International Conference on Cluster Computing (CLUSTER)},
  title     = {Fixed-PSNR Lossy Compression for Scientific Data},
  year      = {2018},
  volume    = {},
  number    = {},
  pages     = {314-318},
  doi       = {10.1109/CLUSTER.2018.00048},
  url       = {https://doi.ieeecomputersociety.org/10.1109/CLUSTER.2018.00048}
}



@article{RasmusPaghCompressedMatrixMultiplication,
  author     = {Pagh, Rasmus},
  title      = {Compressed Matrix Multiplication},
  year       = {2013},
  issue_date = {August 2013},
  publisher  = {Association for Computing Machinery},
  volume     = {5},
  number     = {3},
  issn       = {1942-3454},
  journal    = {ACM Trans. Comput. Theory},
  month      = {8},
  articleno  = {Article 9},
  numpages   = {17},
  keywords   = {approximation, sparse recovery, Matrix multiplication},
  url        = {https://doi.org/10.1145/2493252.2493254},
  doi        = {10.1145/2493252.2493254}
}


@article{RelativeErrorBoundedLossyCompressionIEEE2020,
  author  = {
             X. {Zou} and
             T. {Lu} and
             W. {Xia} and
             X. {Wang} and
             W. {Zhang} and
             H. {Zhang} and
             S. {Di} and
             D. {Tao} and
             F. {Cappello}},
  journal = {IEEE Transactions on Parallel and Distributed Systems},
  title   = {Performance Optimization for Relative-Error-Bounded Lossy Compression on Scientific Data},
  year    = {2020},
  volume  = {31},
  number  = {7},
  pages   = {1665-1680},
  doi     = {10.1109/TPDS.2020.2972548}
}

@inproceedings{WhiteBoxCompression,
  title   = {White-box Compression: Learning and Exploiting Compact Table Representations},
  author  = {Bogdan Ghita and
             Diego Tome and
             Peter Boncz},
  year    = {2020},
  month   = {01},
  journal = {CIDR},
  url     = {http://cidrdb.org/cidr2020/papers/p4-ghita-cidr20.pdf}
}


@article{ZivL77,
  author  = {Jacob Ziv and
             Abraham Lempel},
  title   = {A universal algorithm for sequential data compression},
  journal = {{IEEE} Trans. Inf. Theory},
  volume  = {23},
  number  = {3},
  pages   = {337--343},
  year    = {1977},
  url     = {https://doi.org/10.1109/TIT.1977.1055714},
  doi     = {10.1109/TIT.1977.1055714}
}

@article{ZivL78,
  author  = {Jacob Ziv and
             Abraham Lempel},
  title   = {Compression of individual sequences via variable-rate coding},
  journal = {{IEEE} Trans. Inf. Theory},
  volume  = {24},
  number  = {5},
  pages   = {530--536},
  year    = {1978},
  url     = {https://doi.org/10.1109/TIT.1978.1055934},
  doi     = {10.1109/TIT.1978.1055934}
}

@article{ANS2013,
  author  = {Jarek Duda},
  title   = {Asymmetric numeral systems as close to capacity low state entropy
             coders},
  journal = {CoRR},
  volume  = {abs/1311.2540},
  year    = {2013},
  url     = {http://arxiv.org/abs/1311.2540}
}

@misc{Zstandard,
  author       = {Zstandard},
  title        = {},
  howpublished = {https://facebook.github.io/zstd/},
  year         = {2021}
}


@inproceedings{JinZJFGLST2022,
  author    = {Jin, Sian and
               Zhang, Chengming and
               Jiang, Xintong and
               Feng, Yunhe and
               Guan, Hui and
               Li, Guanpeng and
               Song, Shuaiwen Leon and
               Tao, Dingwen},
  title     = {COMET: A Novel Memory-Efficient Deep Learning Training Framework by Using Error-Bounded Lossy Compression},
  booktitle = {{PVLDB}},
  year      = {2022},
  pages     = {886–899},
url = {https://doi.org/10.14778/3503585.3503597},
doi = {10.14778/3503585.3503597},
}

@inproceedings{PattrickAJADW20,
  author    = {Damme, Patrick and
               Ungethüm , Annett and 
               Pietrzyk, Johannes and 
               Krause, Alexander and 
               Habich, Dirk and 
               Lehner, Wolfgang},
  title     = {MorphStore: Analytical Query Engine with a Holistic Compression-Enabled Processing Model},
  booktitle = {{PVLDB}},
  year      = {2020},
  pages     = {2396-2410},
  dou       = {10.14778/3407790.3407833},
  url       = {https://doi.org/10.14778/3407790.3407833}
}
  % url       = {http://www.vldb.org/pvldb/vol13/p2396-damme.pdf}

@inproceedings{ChunbinEY20,
  author    = {Lin, Chunbin and 
               Boursier, Etienne and
               Papakonstantinou, Yannis},
  title     = {Plato: Approximate Analytics over Compressed Time Series with Tight Deterministic Error Guarantees},
  booktitle = {{PVLDB}},
  year      = {2020},
  pages     = {1105-1118},
  url       = {https://doi.org/10.14778/3384345.3384357},
  doi       = {10.14778/3384345.3384357}
}


@inproceedings{AthanassoulisBS19,
  author    = {Athanassoulis, Manos and
               S. Bøgh, Kenneth and 
               Idreos, Stratos },
  title     = {Optimal Column Layout for Hybrid Workloads},
  booktitle = {{PVLDB}},
  year      = {2019},
  pages     = {2393-2407},
  doi       = {10.14778/3358701.3358707},
  url       = {https://doi.org/10.14778/3358701.3358707}
}


@inproceedings{KuchnikAS21,
  author    = {Kuchnik, Michael and
               Amvrosiadis, George and 
               Smith, Virginia},
  title     = {Progressive Compressed Records: Taking a Byte out of DeepLearning Data},
  booktitle = {{PVLDB}},
  year      = {2021},
  pages     = {2627-2641},
  url       = {https://doi.org/10.14778/3476249.3476308},
  doi       = {10.14778/3476249.3476308}
}

@inproceedings{LiakosPK22,
  author    = {Liakos, Panagiotis and 
               Papakonstantinopoulou, Katia and 
               Kotidis, Yannis},
  title     = {Chimp: Efficient Lossless Floating Point Compression for Time Series Databases},
  booktitle = {{PVLDB}},
  year      = {2022},
  pages     = {3058-3070},
  url       = {https://doi.org/10.14778/3551793.3551852},
  doi       = {10.14778/3551793.3551852}
}

@inproceedings{LiuJPE21,
  author    = {Liu, Chunwei and
               Jiang, Hao and
               Paparrizos, John and
               J Elmore, Aaron},
  title     = {Decomposed Bounded Floats for Fast Compression and Queries},
  booktitle = {{PVLDB}},
  year      = {2021},
  pages     = {2586-2598},
  url       = {https://doi.org/10.14778/3476249.3476305},
  doi       = {10.14778/3476249.3476305}
}
