


@article{abs-2101-06927,
  author    = {Peter M{\"{u}}llner and
               Dominik Kowald and
               Elisabeth Lex},
  title     = {{Robustness of Meta Matrix Factorization Against Strict Privacy Constraints}},
  journal   = {CoRR},
  volume    = {abs/2101.06927},
  year      = {2021},
}

@inproceedings{LinRCRY0RC20,
  author    = {Yujie Lin and
               Pengjie Ren and
               Zhumin Chen and
               Zhaochun Ren and
               Dongxiao Yu and
               Jun Ma and
               Maarten de Rijke and
               Xiuzhen Cheng},
  title     = {{Meta Matrix Factorization for Federated Rating Predictions}},
  booktitle = {{SIGIR}},
  pages     = {981--990},
  year      = {2020},
}

@inproceedings{mckinney-proc-scipy-2010,
  author    = { {W}es {M}c{K}inney },
  title     = {{Data Structures for Statistical Computing in Python}},
  booktitle = {{SciPy}},
  pages     = {56--61},
  year      = {2010},
}

@misc{sysml,
  author = "Michael Jordan",
  year = "2018",
  title = {{SysML: Perspectives and Challenges}},
  note = {MLSys Keynote},
  url = "https://www.youtube.com/watch?v=4inIBmY8dQI"
}

@inproceedings{FruhwirthRP20,
  author    = {Michael Fruhwirth and
               Michael Rachinger and
               Emina Prlja},
  title     = {Discovering Business Models of Data Marketplaces},
  booktitle = {{HICSS}},
  pages     = {1--10},
  year      = {2020},
}

@article{abs-1910-01991,
  author    = {Felix Sattler and
               Klaus{-}Robert M{\"{u}}ller and
               Wojciech Samek},
  title     = {Clustered Federated Learning: Model-Agnostic Distributed Multi-Task
               Optimization under Privacy Constraints},
  journal   = {CoRR},
  volume    = {abs/1910.01991},
  year      = {2019},
}

@inproceedings{BonawitzIKMMPRS17,
  author    = {Keith Bonawitz and
               Vladimir Ivanov and
               Ben Kreuter and
               Antonio Marcedone and
               H. Brendan McMahan and
               Sarvar Patel and
               Daniel Ramage and
               Aaron Segal and
               Karn Seth},
  title     = {Practical Secure Aggregation for Privacy-Preserving Machine Learning},
  booktitle = {{CCS}},
  pages     = {1175--1191},
  year      = {2017},
}

@article{BakosHM21,
  author    = {Yannis Bakos and
               Hanna Halaburda and
               Christoph M{\"{u}}ller{-}Bloch},
  title     = {When permissioned blockchains deliver more decentralization than permissionless},
  journal   = {Commun. {ACM}},
  volume    = {64},
  number    = {2},
  pages     = {20--22},
  year      = {2021},
}

@inproceedings{ArmbrustXLHLBMK15,
  author    = {Michael Armbrust and
               Reynold S. Xin and
               Cheng Lian and
               Yin Huai and
               Davies Liu and
               Joseph K. Bradley and
               Xiangrui Meng and
               Tomer Kaftan and
               Michael J. Franklin and
               Ali Ghodsi and
               Matei Zaharia},
  title     = {{Spark SQL: Relational Data Processing in Spark}},
  booktitle = {{SIGMOD}},
  pages     = {1383--1394},
  year      = {2015},
}

@inproceedings{JosifovskiSHL02,
  author    = {Vanja Josifovski and
               Peter M. Schwarz and
               Laura M. Haas and
               Eileen Tien Lin},
  title     = {{Garlic: a new flavor of federated query processing for DB2}},
  booktitle = {{SIGMOD}},
  pages     = {524--532},
  year      = {2002},
}

@article{DsilvaMK18,
  author    = {Joseph Vinish D'silva and
               Florestan {De Moor} and
               Bettina Kemme},
  title     = {{AIDA - Abstraction for Advanced In-Database Analytics}},
  journal   = {{PVLDB}},
  volume    = {11},
  number    = {11},
  pages     = {1400--1413},
  year      = {2018},
}

@article{JankovLYCZJG19,
  author    = {Dimitrije Jankov and
               Shangyu Luo and
               Binhang Yuan and
               Zhuhua Cai and
               Jia Zou and
               Chris Jermaine and
               Zekai J. Gao},
  title     = {{Declarative Recursive Computation on an RDBMS}},
  journal   = {{PVLDB}},
  volume    = {12},
  number    = {7},
  pages     = {822--835},
  year      = {2019},
}

@inproceedings{LuoGGPJ17,
  author    = {Shangyu Luo and
               Zekai J. Gao and
               Michael N. Gubanov and
               Luis Leopoldo Perez and
               Christopher M. Jermaine},
  title     = {{Scalable Linear Algebra on a Relational Database System}},
  booktitle = {{ICDE}},
  pages     = {523--534},
  year      = {2017},
}

@misc{tff,
  author = "Google",
  year = "2020",
  title = {{TensorFlow Federated: Machine Learning on Decentralized Data }},
  url = "https://www.tensorflow.org/federated"
}


@misc{numerai,
  author = "Richard Craib and Geoffrey Bradway and Xander Dunnwith and Joey Krug",
  year = "2017",
  title = {{Numeraire: A Cryptographic Token for Coordinating Machine Intelligence and Preventing Overfitting}},
  url = "https://numer.ai/"
}


@article{abs-1812-01097,
  author    = {Sebastian Caldas and
               Peter Wu and
               Tian Li and
               Jakub Konecn{\'{y}} and
               H. Brendan McMahan and
               Virginia Smith and
               Ameet Talwalkar},
  title     = {{LEAF:} {A} Benchmark for Federated Settings},
  journal   = {CoRR},
  volume    = {abs/1812.01097},
  year      = {2018},
}

@inproceedings{LiSZSTS20,
  author    = {Tian Li and
               Anit Kumar Sahu and
               Manzil Zaheer and
               Maziar Sanjabi and
               Ameet Talwalkar and
               Virginia Smith},
  title     = {{Federated Optimization in Heterogeneous Networks}},
  booktitle = {{MLSys}},
  year      = {2020},
}


@article{abs-2003-00295,
  author    = {Sashank J. Reddi and
               Zachary Charles and
               Manzil Zaheer and
               Zachary Garrett and
               Keith Rush and
               Jakub Konecn{\'{y}} and
               Sanjiv Kumar and
               H. Brendan McMahan},
  title     = {Adaptive Federated Optimization},
  journal   = {CoRR},
  volume    = {abs/2003.00295},
  year      = {2020},
}

@article{YangLCT19,
  author    = {Qiang Yang and
               Yang Liu and
               Tianjian Chen and
               Yongxin Tong},
  title     = {Federated Machine Learning: Concept and Applications},
  journal   = {{ACM} Trans. Intell. Syst. Technol.},
  volume    = {10},
  number    = {2},
  pages     = {12:1--12:19},
  year      = {2019},
}

@inproceedings{Smith20,
  author    = {Peter Kairouz and
	             Brendan McMahan and
							 Virginia Smith},
  title     = {{Federated Learning Tutorial}},
  booktitle = {{NeurIPS}},
  year      = {2020},
  url       = {https://slideslive.com/38935813/federated-learning-tutorial}
}

@article{TianOZGP16,
  author    = {Yuanyuan Tian and
               Fatma {\"{O}}zcan and
               Tao Zou and
               Romulo Goncalves and
               Hamid Pirahesh},
  title     = {{Building a Hybrid Warehouse: Efficient Joins between Data Stored in
               HDFS and Enterprise Warehouse}},
  journal   = {{ACM Trans. Database Syst.}},
  volume    = {41},
  number    = {4},
  pages     = {21:1--21:38},
  year      = {2016},
}

@inproceedings{LIMA21,
  author    = {Arnab Phani and
	             Benjamin Rath and
							 Matthias Boehm},
  title     = {{LIMA: Fine-grained Lineage Tracing and Reuse in Machine Learning Systems}},
  booktitle = {{SIGMOD}},
  year      = {2021},
}

@inproceedings{DengFAWSEIMO017,
  author    = {Dong Deng and
               Raul Castro Fernandez and
               Ziawasch Abedjan and
               Sibo Wang and
               Michael Stonebraker and
               Ahmed K. Elmagarmid and
               Ihab F. Ilyas and
               Samuel Madden and
               Mourad Ouzzani and
               Nan Tang},
  title     = {{The Data Civilizer System}},
  booktitle = {{CIDR}},
  year      = {2017},
}

@article{JSSv045i03,
   author = {Stef van Buuren and Karin Groothuis-Oudshoorn},
   title = {{mice: Multivariate Imputation by Chained Equations in R}},
   journal = {Journal of Statistical Software, Articles},
   volume = {45},
   number = {3},
   year = {2011},
   abstract = {The R package mice imputes incomplete multivariate data by chained equations.}, 
   issn = {1548-7660},
   pages = {1--67},
}

@article{CambroneroFSM17,
  author    = {Jos{\'{e}} Cambronero and
               John K. Feser and
               Micah J. Smith and
               Samuel Madden},
  title     = {{Query Optimization for Dynamic Imputation}},
  journal   = {{PVLDB}},
  volume    = {10},
  number    = {11},
  pages     = {1310--1321},
  year      = {2017},
}

@inproceedings{DathathriS0LLMM19,
  author    = {Roshan Dathathri and
               Olli Saarikivi and
               Hao Chen and
               Kim Laine and
               Kristin E. Lauter and
               Saeed Maleki and
               Madanlal Musuvathi and
               Todd Mytkowicz},
  title     = {{CHET: an optimizing compiler for fully-homomorphic neural-network inferencing}},
  booktitle = {{PLDI}},
  pages     = {142--156},
  year      = {2019},
}

@inproceedings{JuvekarVC18,
  author    = {Chiraag Juvekar and
               Vinod Vaikuntanathan and
               Anantha Chandrakasan},
  title     = {{GAZELLE: A Low Latency Framework for Secure Neural Network Inference}},
  booktitle = {{USENIX} Security Symposium},
  pages     = {1651--1669},
  year      = {2018},
}

@inproceedings{GiladBachrachD16,
  author    = {Ran Gilad{-}Bachrach and
               Nathan Dowlin and
               Kim Laine and
               Kristin E. Lauter and
               Michael Naehrig and
               John Wernsing},
  title     = {{CryptoNets: Applying Neural Networks to Encrypted Data with High Throughput and Accuracy}},
  booktitle = {{ICML}},
  volume    = {48},
  pages     = {201--210},
  year      = {2016},
}

@article{AcarAUC18,
  author    = {Abbas Acar and
               Hidayet Aksu and
               A. Selcuk Uluagac and
               Mauro Conti},
  title     = {{A Survey on Homomorphic Encryption Schemes: Theory and Implementation}},
  journal   = {{ACM} Comput. Surv.},
  volume    = {51},
  number    = {4},
  pages     = {79:1--79:35},
  year      = {2018},
}


@article{ZhangZWZ17,
  author    = {Hantian Zhang and
               Luyuan Zeng and
               Wentao Wu and
               Ce Zhang},
  title     = {{How Good Are Machine Learning Clouds for Binary Classification with
               Good Features?}},
  journal   = {CoRR},
  volume    = {abs/1707.09562},
  year      = {2017},
}

@incollection{OlsonM19,
  author    = {Randal S. Olson and
               Jason H. Moore},
  title     = {{TPOT: A Tree-Based Pipeline Optimization Tool for Automating Machine
               Learning}},
  booktitle = {Automated Machine Learning},
  pages     = {151--160},
  year      = {2019},
}

@incollection{FeurerKES0H19,
  author    = {Matthias Feurer and
               Aaron Klein and
               Katharina Eggensperger and
               Jost Tobias Springenberg and
               Manuel Blum and
               Frank Hutter},
  title     = {{Auto-sklearn: Efficient and Robust Automated Machine Learning}},
  booktitle = {Automated Machine Learning},
  pages     = {113--134},
  year      = {2019},
}

@article{KotthoffTHHL17,
  author    = {Lars Kotthoff and
               Chris Thornton and
               Holger H. Hoos and
               Frank Hutter and
               Kevin Leyton{-}Brown},
  title     = {{Auto-WEKA 2.0: Automatic model selection and hyperparameter optimization
               in WEKA}},
  journal   = {J. Mach. Learn. Res.},
  volume    = {18},
  pages     = {25:1--25:5},
  year      = {2017},
}

@inproceedings{ThorntonHHL13,
  author    = {Chris Thornton and
               Frank Hutter and
               Holger H. Hoos and
               Kevin Leyton{-}Brown},
  title     = {{Auto-WEKA: combined selection and hyperparameter optimization of classification
               algorithms}},
  booktitle = {{SIGKDD}},
  pages     = {847--855},
  year      = {2013},
}

@inproceedings{ShangZBKECBUK19,
  author    = {Zeyuan Shang and
               Emanuel Zgraggen and
               Benedetto Buratti and
               Ferdinand Kossmann and
               Philipp Eichmann and
               Yeounoh Chung and
               Carsten Binnig and
               Eli Upfal and
               Tim Kraska},
  title     = {{Democratizing Data Science through Interactive Curation of ML Pipelines}},
  booktitle = {{SIGMOD}},
  pages     = {1171--1188},
  year      = {2019},
}

@inproceedings{SparksTHFJK15,
  author    = {Evan R. Sparks and
               Ameet Talwalkar and
               Daniel Haas and
               Michael J. Franklin and
               Michael I. Jordan and
               Tim Kraska},
  title     = {{Automating model search for large scale machine learning}},
  booktitle = {{SoCC}},
  pages     = {368--380},
  year      = {2015},
}

@inproceedings{SparksVKFR17,
  author    = {Evan R. Sparks and
               Shivaram Venkataraman and
               Tomer Kaftan and
               Michael J. Franklin and
               Benjamin Recht},
  title     = {{KeystoneML: Optimizing Pipelines for Large-Scale Advanced Analytics}},
  booktitle = {{ICDE}},
  pages     = {535--546},
  year      = {2017},
}

@article{McMahanMRA16,
  author    = {H. Brendan McMahan and
               Eider Moore and
               Daniel Ramage and
               Blaise Ag{\"{u}}era y Arcas},
  title     = {{Federated Learning of Deep Networks using Model Averaging}},
  journal   = {CoRR},
  volume    = {abs/1602.05629},
  year      = {2016},
}

@article{tuor2020overcoming,
  author    = {Tiffany Tuor and Shiqiang Wang and Bong Jun Ko and Changchang Liu and Kin K. Leung},
  title     = {{Overcoming Noisy and Irrelevant Data in Federated Learning}},
  journal   = {CoRR},
  year      = {2020},
}

@inproceedings{TangLYZL18,
  author    = {Hanlin Tang and
               Xiangru Lian and
               Ming Yan and
               Ce Zhang and
               Ji Liu},
  title     = {D\({}^{\mbox{2}}\): Decentralized Training over Decentralized Data},
  booktitle = {{ICML}},
  series    = {Proceedings of Machine Learning Research},
  volume    = {80},
  pages     = {4855--4863},
  year      = {2018},
}
                                                                               
@article{cpclean,
  author    = {Bojan Karlas and
	             Peng Li and
							 Renzhi Wu and 
							 Nezihe and
							 Merve Guerel and
							 Xu Chu and
							 Wentao Wu and
							 Ce Zhang},
  title     = {{Nearest Neighbor Classifiers over Incomplete Information: From Certain Answers to Certain Predictions}},
  journal   = {{PVLDB}},
  year      = {2021},
}

@article{abs-1711-01299,
  author    = {Sanjay Krishnan and
               Michael J. Franklin and
               Ken Goldberg and
               Eugene Wu},
  title     = {{BoostClean: Automated Error Detection and Repair for Machine Learning}},
  journal   = {CoRR},
  volume    = {abs/1711.01299},
  year      = {2017},
}

@article{abs-1904-11827,
  author    = {Sanjay Krishnan and
               Eugene Wu},
  title     = {{AlphaClean: Automatic Generation of Data Cleaning Pipelines}},
  journal   = {CoRR},
  volume    = {abs/1904.11827},
  year      = {2019},
}

@inproceedings{HeidariMIR19,
  author    = {Alireza Heidari and
               Joshua McGrath and
               Ihab F. Ilyas and
               Theodoros Rekatsinas},
  title     = {{HoloDetect: Few-Shot Learning for Error Detection}},
  booktitle = {{SIGMOD}},
  pages     = {829--846},
  year      = {2019},
}

@article{RekatsinasCIR17,
  author    = {Theodoros Rekatsinas and
               Xu Chu and
               Ihab F. Ilyas and
               Christopher R{\'{e}}},
  title     = {{HoloClean: Holistic Data Repairs with Probabilistic Inference}},
  journal   = {{PVLDB}},
  volume    = {10},
  number    = {11},
  pages     = {1190--1201},
  year      = {2017},
}

@inproceedings{ZhangKR14,
  author    = {Ce Zhang and
               Arun Kumar and
               Christopher R{\'{e}}},
  title     = {{Materialization Optimizations for Feature Selection Workloads}},
  booktitle = {{SIGMOD}},
  pages     = {265--276},
  year      = {2014},
}

@inproceedings{ZhouLE07,
  author    = {Jingren Zhou and
               Per{-}{\AA}ke Larson and
               Hicham G. Elmongui},
  title     = {Lazy Maintenance of Materialized Views},
  booktitle = {{VLDB}},
  pages     = {231--242},
  year      = {2007},
}

@article{IvanovaKNG10,
  author    = {Milena Ivanova and
               Martin L. Kersten and
               Niels J. Nes and
               Romulo Goncalves},
  title     = {{An architecture for recycling intermediates in a column-store}},
  journal   = {{ACM} Trans. Database Syst.},
  volume    = {35},
  number    = {4},
  pages     = {24:1--24:43},
  year      = {2010},
}

@inproceedings{IdreosMG12,
  author    = {Stratos Idreos and
               Stefan Manegold and
               Goetz Graefe},
  title     = {Adaptive indexing in modern database kernels},
  booktitle = {{EDBT}},
  pages     = {566--569},
  year      = {2012},
}

@inproceedings{IdreosKM07,
  author    = {Stratos Idreos and
               Martin L. Kersten and
               Stefan Manegold},
  title     = {Database Cracking},
  booktitle = {{CIDR}},
  pages     = {68--78},
  year      = {2007},
}

@inproceedings{Schelter20,
  author    = {Sebastian Schelter},
  title     = {{"Amnesia" - Machine Learning Models That Can Forget User Data Very
               Fast}},
  booktitle = {{CIDR}},
  year      = {2020},
}

@inproceedings{NikolicEK14,
  author    = {Milos Nikolic and
               Mohammed Elseidy and
               Christoph Koch},
  title     = {{LINVIEW:} incremental view maintenance for complex analytical queries},
  booktitle = {{SIGMOD}},
  pages     = {253--264},
  year      = {2014},
}

@inproceedings{LiCZ00NP19,
  author    = {Fengan Li and
               Lingjiao Chen and
               Yijing Zeng and
               Arun Kumar and
               Xi Wu and
               Jeffrey F. Naughton and
               Jignesh M. Patel},
  title     = {{Tuple-oriented Compression for Large-scale Mini-batch Stochastic Gradient
               Descent}},
  booktitle = {{SIGMOD}},
  pages     = {1517--1534},
  year      = {2019},
}

@article{ElgoharyBHRR18,
  author    = {Ahmed Elgohary and
               Matthias Boehm and
               Peter J. Haas and
               Frederick R. Reiss and
               Berthold Reinwald},
  title     = {Compressed linear algebra for large-scale machine learning},
  journal   = {{VLDB} J.},
  volume    = {27},
  number    = {5},
  pages     = {719--744},
  year      = {2018},
}

                                           
@inproceedings{DerakhshanMARM20,
  author    = {Behrouz Derakhshan and
               Alireza Rezaei Mahdiraji and
               Ziawasch Abedjan and
               Tilmann Rabl and
               Volker Markl},
  title     = {{Optimizing Machine Learning Workloads in Collaborative Environments}},
  booktitle = {{SIGMOD}},
  pages     = {1701--1716},
  year      = {2020},
}

@article{XinMLMSP18,
  author    = {Doris Xin and
               Litian Ma and
               Jialin Liu and
               Stephen Macke and
               Shuchen Song and
               Aditya G. Parameswaran},
  title     = {{Helix: Accelerating Human-in-the-loop Machine Learning}},
  journal   = {{PVLDB}},
  volume    = {11},
  number    = {12},
  pages     = {1958--1961},
  year      = {2018},
}

@inproceedings{VartakTMZ18,
  author    = {Manasi Vartak and
               Joana M. F. da Trindade and
               Samuel Madden and
               Matei Zaharia},
  title     = {{MISTIQUE: A System to Store and Query Model Intermediates for
               Model Diagnosis}},
  booktitle = {{SIGMOD}},
  pages     = {1285--1300},
  year      = {2018},
}


@inproceedings{MohasselZ17,
  author    = {Payman Mohassel and
               Yupeng Zhang},
  title     = {SecureML: {A} System for Scalable Privacy-Preserving Machine Learning},
  booktitle = {{IEEE} Symposium on Security and Privacy},
  pages     = {19--38},
  year      = {2017},
}

@inproceedings{Gentry09,
  author    = {Craig Gentry},
  title     = {{Fully homomorphic encryption using ideal lattices}},
  booktitle = {{STOC}},
  pages     = {169--178},
  year      = {2009},
}

@article{JiLE14,
  author    = {Zhanglong Ji and
               Zachary Chase Lipton and
               Charles Elkan},
  title     = {Differential Privacy and Machine Learning: a Survey and Review},
  journal   = {CoRR},
  volume    = {abs/1412.7584},
  year      = {2014},
}

@article{LiSTS20,
  author    = {Tian Li and
               Anit Kumar Sahu and
               Ameet Talwalkar and
               Virginia Smith},
  title     = {{Federated Learning: Challenges, Methods, and Future Directions}},
  journal   = {{IEEE} Signal Process. Mag.},
  volume    = {37},
  number    = {3},
  pages     = {50--60},
  year      = {2020},
}

@article{WuCXCO20,
  author    = {Yuncheng Wu and
               Shaofeng Cai and
               Xiaokui Xiao and
               Gang Chen and
               Beng Chin Ooi},
  title     = {{Privacy Preserving Vertical Federated Learning for Tree-based Models}},
  journal   = {{PVLDB}},
  volume    = {13},
  number    = {11},
  pages     = {2090--2103},
  year      = {2020},
}

@inproceedings{DeCandiaHJKLPSVV07,
  author    = {Giuseppe DeCandia and
               Deniz Hastorun and
               Madan Jampani and
               Gunavardhan Kakulapati and
               Avinash Lakshman and
               Alex Pilchin and
               Swaminathan Sivasubramanian and
               Peter Vosshall and
               Werner Vogels},
  title     = {Dynamo: Amazon's Highly Available Key-value Store},
  booktitle = {{SOSP}},
  pages     = {205--220},
  year      = {2007},
}

@article{SmolaN10,
  author    = {Alexander J. Smola and
               Shravan M. Narayanamurthy},
  title     = {{An Architecture for Parallel Topic Models}},
  journal   = {{PVLDB}},
  volume    = {3},
  number    = {1},
  pages     = {703--710},
  year      = {2010},
}

@inproceedings{DeanCMCDLMRSTYN12,
  author    = {Jeffrey Dean and
               Greg Corrado and
               Rajat Monga and
               Kai Chen and
               Matthieu Devin and
               Quoc V. Le and
               Mark Z. Mao and
               Marc'Aurelio Ranzato and
               Andrew W. Senior and
               Paul A. Tucker and
               Ke Yang and
               Andrew Y. Ng},
  title     = {{Large Scale Distributed Deep Networks}},
  booktitle = {{NeurIPS}},
  pages     = {1232--1240},
  year      = {2012},
}

@inproceedings{LiAPSAJLSS14,
  author    = {Mu Li and
               David G. Andersen and
               Jun Woo Park and
               Alexander J. Smola and
               Amr Ahmed and
               Vanja Josifovski and
               James Long and
               Eugene J. Shekita and
               Bor{-}Yiing Su},
  title     = {{Scaling Distributed Machine Learning with the Parameter Server}},
  booktitle = {{OSDI}},
  pages     = {583--598},
  year      = {2014},
}

@inproceedings{JiangCZY17,
  author    = {Jiawei Jiang and
               Bin Cui and
               Ce Zhang and
               Lele Yu},
  title     = {{Heterogeneity-aware Distributed Parameter Servers}},
  booktitle = {{SIGMOD}},
  pages     = {463--478},
  year      = {2017},
}

@article{GuptaHRS20,
  author    = {Suyash Gupta and
               Jelle Hellings and
               Sajjad Rahnama and
               Mohammad Sadoghi},
  title     = {{Building High Throughput Permissioned Blockchain Fabrics: Challenges
               and Opportunities}},
  journal   = {{PVLDB}},
  volume    = {13},
  number    = {12},
  pages     = {3441--3444},
  year      = {2020},
}

@inproceedings{Mohan19,
  author    = {C. Mohan},
  title     = {{State of Public and Private Blockchains: Myths and Reality}},
  booktitle = {{SIGMOD}},
  pages     = {404--411},
  year      = {2019},
}

@article{AlexandrovBEFHHKLLMNPRSSHTW14,
  author    = {Alexander Alexandrov and
               Rico Bergmann and
               Stephan Ewen and
               Johann{-}Christoph Freytag and
               Fabian Hueske and
               Arvid Heise and
               Odej Kao and
               Marcus Leich and
               Ulf Leser and
               Volker Markl and
               Felix Naumann and
               Mathias Peters and
               Astrid Rheinl{\"{a}}nder and
               Matthias J. Sax and
               Sebastian Schelter and
               Mareike H{\"{o}}ger and
               Kostas Tzoumas and
               Daniel Warneke},
  title     = {The Stratosphere platform for big data analytics},
  journal   = {{VLDB} J.},
  volume    = {23},
  number    = {6},
  pages     = {939--964},
  year      = {2014},
}

@article{ztestscott,
  author = {Koubaa, Ahmed and Koran, Zoltan},
  year = {1995},
  title = {{Measure of the internal bond strength of paper/board}},
  volume = {78},
  journal = {Tappi Journal}
}

@inproceedings{SculleyHGDPECYC15,
  author    = {D. Sculley and
               Gary Holt and
               Daniel Golovin and
               Eugene Davydov and
               Todd Phillips and
               Dietmar Ebner and
               Vinay Chaudhary and
               Michael Young and
               Jean{-}Fran{\c{c}}ois Crespo and
               Dan Dennison},
  title     = {Hidden Technical Debt in Machine Learning Systems},
  booktitle = {{NeurIPS}},
  pages     = {2503--2511},
  year      = {2015},
}

@inproceedings{GrulichBZTBCRM20,
  author    = {Philipp M. Grulich and
               Sebastian Bre{\ss} and
               Steffen Zeuch and
               Jonas Traub and
               Janis von Bleichert and
               Zongxiong Chen and
               Tilmann Rabl and
               Volker Markl},
  title     = {{Grizzly: Efficient Stream Processing Through Adaptive Query Compilation}},
  booktitle = {{SIGMOD}},
  pages     = {2487--2503},
  year      = {2020},
}

@inproceedings{BaylorBCFFHHIJK17,
  author    = {Denis Baylor and
               Eric Breck and
               Heng{-}Tze Cheng and
               Noah Fiedel and
               Chuan Yu Foo and
               Zakaria Haque and
               Salem Haykal and
               Mustafa Ispir and
               Vihan Jain and
               Levent Koc and
               Chiu Yuen Koo and
               Lukasz Lew and
               Clemens Mewald and
               Akshay Naresh Modi and
               Neoklis Polyzotis and
               Sukriti Ramesh and
               Sudip Roy and
               Steven Euijong Whang and
               Martin Wicke and
               Jarek Wilkiewicz and
               Xin Zhang and
               Martin Zinkevich},
  title     = {{TFX: A TensorFlow-Based Production-Scale Machine Learning Platform}},
  booktitle = {{SIGKDD}},
  pages     = {1387--1395},
  year      = {2017},
}

@article{abs-1909-07930,
  author    = {Piero Molino and
               Yaroslav Dudin and
               Sai Sumanth Miryala},
  title     = {Ludwig: a type-based declarative deep learning toolbox},
  journal   = {CoRR},
  volume    = {abs/1909.07930},
  year      = {2019},
}

@inproceedings{Re20,
  author    = {Christopher R{\'{e}} and others},
  title     = {{Overton: A Data System for Monitoring and Improving Machine-Learned
               Products}},
  booktitle = {{CIDR}},
  year      = {2020},
}

@article{ShinWWSZR15,
  author    = {Jaeho Shin and
               Sen Wu and
               Feiran Wang and
               Christopher De Sa and
               Ce Zhang and
               Christopher R{\'{e}}},
  title     = {{Incremental Knowledge Base Construction Using DeepDive}},
  journal   = {{PVLDB}},
  volume    = {8},
  number    = {11},
  pages     = {1310--1321},
  year      = {2015},
}

@inproceedings{WatcharapichatM16,
  author    = {Pijika Watcharapichat and
               Victoria Lopez Morales and
               Raul Castro Fernandez and
               Peter R. Pietzuch},
  title     = {{Ako: Decentralised Deep Learning with Partial Gradient Exchange}},
  booktitle = {{SoCC}},
  pages     = {84--97},
  year      = {2016},
}

@inproceedings{HarlapCDWGGGX16,
  author    = {Aaron Harlap and
               Henggang Cui and
               Wei Dai and
               Jinliang Wei and
               Gregory R. Ganger and
               Phillip B. Gibbons and
               Garth A. Gibson and
               Eric P. Xing},
  title     = {{Addressing the straggler problem for iterative convergent parallel
               ML}},
  booktitle = {{SoCC}},
  pages     = {98--111},
  year      = {2016},
}

@inproceedings{LianZZL18,
  author    = {Xiangru Lian and
               Wei Zhang and
               Ce Zhang and
               Ji Liu},
  title     = {{Asynchronous Decentralized Parallel Stochastic Gradient Descent}},
  booktitle = {{ICML}},
  pages     = {3049--3058},
  year      = {2018},
}

@inproceedings{McMahanMRHA17,
  author    = {Brendan McMahan and
               Eider Moore and
               Daniel Ramage and
               Seth Hampson and
               Blaise Ag{\"{u}}era y Arcas},
  title     = {{Communication-Efficient Learning of Deep Networks from Decentralized
               Data}},
  booktitle = {{AISTATS}},
  pages     = {1273--1282},
  year      = {2017},
}

@article{VartakM18,
  author    = {Manasi Vartak and
               Samuel Madden},
  title     = {{MODELDB: Opportunities and Challenges in Managing Machine Learning
               Models}},
  journal   = {{IEEE} Data Eng. Bull.},
  volume    = {41},
  number    = {4},
  pages     = {16--25},
  year      = {2018},
}

@inproceedings{ChenCDD0HKMMNOP20,
  author    = {Andrew Chen and
               Andy Chow and
               Aaron Davidson and
               Arjun DCunha and
               Ali Ghodsi and
               Sue Ann Hong and
               Andy Konwinski and
               Clemens Mewald and
               Siddharth Murching and
               Tomas Nykodym and
               Paul Ogilvie and
               Mani Parkhe and
               Avesh Singh and
               Fen Xie and
               Matei Zaharia and
               Richard Zang and
               Juntai Zheng and
               Corey Zumar},
  title     = {{Developments in MLflow: {A} System to Accelerate the Machine Learning
               Lifecycle}},
  booktitle = {DEEM@SIGMOD},
  pages     = {5:1--5:4},
  year      = {2020},
}

@inproceedings{DasIBRGKDRPSWZS20,
  author    = {Piali Das and
               Nikita Ivkin and
               Tanya Bansal and
               Laurence Rouesnel and
               Philip Gautier and
               Zohar S. Karnin and
               Leo Dirac and
               Lakshmi Ramakrishnan and
               Andre Perunicic and
               Iaroslav Shcherbatyi and
               Wilton Wu and
               Aida Zolic and
               Huibin Shen and
               Amr Ahmed and
               Fela Winkelmolen and
               Miroslav Miladinovic and
               C{\'{e}}dric Archembeau and
               Alex Tang and
               Bhaskar Dutt and
               Patricia Grao and
               Kumar Venkateswar},
  title     = {{Amazon SageMaker Autopilot: a white box AutoML solution at scale}},
  booktitle = {DEEM@SIGMOD},
  pages     = {2:1--2:7},
  year      = {2020},
}

@article{ZahariaCD0HKMNO18,
  author    = {Matei Zaharia and
               Andrew Chen and
               Aaron Davidson and
               Ali Ghodsi and
               Sue Ann Hong and
               Andy Konwinski and
               Siddharth Murching and
               Tomas Nykodym and
               Paul Ogilvie and
               Mani Parkhe and
               Fen Xie and
               Corey Zumar},
  title     = {{Accelerating the Machine Learning Lifecycle with MLflow}},
  journal   = {{IEEE} Data Eng. Bull.},
  volume    = {41},
  number    = {4},
  pages     = {39--45},
  year      = {2018},
}

@inproceedings{LianZZHZL17,
  author    = {Xiangru Lian and
               Ce Zhang and
               Huan Zhang and
               Cho{-}Jui Hsieh and
               Wei Zhang and
               Ji Liu},
  title     = {{Can Decentralized Algorithms Outperform Centralized Algorithms? A
               Case Study for Decentralized Parallel Stochastic Gradient Descent}},
  booktitle = {{NeurIPS}},
  pages     = {5330--5340},
  year      = {2017},
}

@manual{fertilizer,
  author    = {{Food and Agriculture Organization of the United Nations}},
  title     = {{World fertilizer trends and outlook to 2020, Summary Report}},
  year      = {2017},
  note      = {\url{http://www.fao.org/3/a-i6895e.pdf}}
}

@inproceedings{dask,
  author    = {Matthew Rocklin},
  title     = {{Dask: Parallel Computation with Blocked algorithms and Task Scheduling}},
  booktitle = {{SCIPY}},
  year      = {2015},
}

@article{BurnsGOBW16,
  author    = {Brendan Burns and
               Brian Grant and
               David Oppenheimer and
               Eric A. Brewer and
               John Wilkes},
  title     = {{Borg, Omega, and Kubernetes}},
  journal   = {Commun. {ACM}},
  volume    = {59},
  number    = {5},
  pages     = {50--57},
  year      = {2016},
}

@article{ChenLLLWWXXZZ15,
  author    = {Tianqi Chen and
               Mu Li and
               Yutian Li and
               Min Lin and
               Naiyan Wang and
               Minjie Wang and
               Tianjun Xiao and
               Bing Xu and
               Chiyuan Zhang and
               Zheng Zhang},
  title     = {{MXNet: A Flexible and Efficient Machine Learning Library for Heterogeneous
               Distributed Systems}},
  journal   = {CoRR},
  volume    = {abs/1512.01274},
  year      = {2015},
}

@inproceedings{AbadiBCCDDDGIIK16,
  author    = {Mart{\'{\i}}n Abadi and
               Paul Barham and
               Jianmin Chen and
               Zhifeng Chen and
               Andy Davis and
               Jeffrey Dean and
               Matthieu Devin and
               Sanjay Ghemawat and
               Geoffrey Irving and
               Michael Isard and
               Manjunath Kudlur and
               Josh Levenberg and
               Rajat Monga and
               Sherry Moore and
               Derek Gordon Murray and
               Benoit Steiner and
               Paul A. Tucker and
               Vijay Vasudevan and
               Pete Warden and
               Martin Wicke and
               Yuan Yu and
               Xiaoqiang Zheng},
  title     = {{TensorFlow: A System for Large-Scale Machine Learning}},
  booktitle = {{OSDI}},
  pages     = {265--283},
  year      = {2016},
}

@article{PedregosaVGMTGBPWDVPCBPD11,
  author    = {Fabian Pedregosa and
               Ga{\"{e}}l Varoquaux and
               Alexandre Gramfort and
               Vincent Michel and
               Bertrand Thirion and
               Olivier Grisel and
               Mathieu Blondel and
               Peter Prettenhofer and
               Ron Weiss and
               Vincent Dubourg and
               Jake VanderPlas and
               Alexandre Passos and
               David Cournapeau and
               Matthieu Brucher and
               Matthieu Perrot and
               Edouard Duchesnay},
  title     = {{Scikit-learn: Machine Learning in Python}},
  journal   = {J. Mach. Learn. Res.},
  volume    = {12},
  pages     = {2825--2830},
  year      = {2011},
}

@inproceedings{ZahariaCDDMMFSS12,
  author    = {Matei Zaharia and
               Mosharaf Chowdhury and
               Tathagata Das and
               Ankur Dave and
               Justin Ma and
               Murphy McCauly and
               Michael J. Franklin and
               Scott Shenker and
               Ion Stoica},
  title     = {{Resilient Distributed Datasets: A Fault-Tolerant Abstraction for
               In-Memory Cluster Computing}},
  booktitle = {{NSDI}},
  pages     = {15--28},
  year      = {2012},
}

@inproceedings{VulimiriCGKV15,
  author    = {Ashish Vulimiri and
               Carlo Curino and
               Brighten Godfrey and
               Konstantinos Karanasos and
               George Varghese},
  title     = {{WANalytics: Analytics for a Geo-Distributed Data-Intensive World}},
  booktitle = {{CIDR}},
  year      = {2015},
}

@inproceedings{BonawitzEGHIIKK19,
  author    = {Keith Bonawitz and
               Hubert Eichner and
               Wolfgang Grieskamp and
               Dzmitry Huba and
               Alex Ingerman and
               Vladimir Ivanov and
               Chlo{\'{e}} Kiddon and
               Jakub Konecn{\'{y}} and
               Stefano Mazzocchi and
               Brendan McMahan and
               Timon Van Overveldt and
               David Petrou and
               Daniel Ramage and
               Jason Roselander},
  title     = {{Towards Federated Learning at Scale: System Design}},
  booktitle = {MLSys},
  year      = {2019},
}

@article{KarpathiotakisA16,
  author    = {Manos Karpathiotakis and
               Ioannis Alagiannis and
               Anastasia Ailamaki},
  title     = {{Fast Queries Over Heterogeneous Data Through Engine Customization}},
  journal   = {{PVLDB}},
  volume    = {9},
  number    = {12},
  pages     = {972--983},
  year      = {2016},
}

@inproceedings{AlagiannisBBIA12,
  author    = {Ioannis Alagiannis and
               Renata Borovica and
               Miguel Branco and
               Stratos Idreos and
               Anastasia Ailamaki},
  title     = {{NoDB: Efficient Query Execution on Raw Data Files}},
  booktitle = {{SIGMOD}},
  pages     = {241--252},
  year      = {2012},
}

@inproceedings{IdreosAJA11,
  author    = {Stratos Idreos and
               Ioannis Alagiannis and
               Ryan Johnson and
               Anastasia Ailamaki},
  title     = {{Here are my Data Files. Here are my Queries. Where are my Results?}},
  booktitle = {{CIDR}},
  pages     = {57--68},
  year      = {2011},
}

@article{XinMMLSP18,
  author    = {Doris Xin and
               Stephen Macke and
               Litian Ma and
               Jialin Liu and
               Shuchen Song and
               Aditya G. Parameswaran},
  title     = {{Helix: Holistic Optimization for Accelerating Iterative Machine Learning}},
  journal   = {{PVLDB}},
  volume    = {12},
  number    = {4},
  pages     = {446--460},
  year      = {2018},
}

@article{CohenDDHW09,
  author    = {Jeffrey Cohen and
               Brian Dolan and
               Mark Dunlap and
               Joseph M. Hellerstein and
               Caleb Welton},
  title     = {{MAD} Skills: New Analysis Practices for Big Data},
  journal   = {{PVLDB}},
  volume    = {2},
  number    = {2},
  pages     = {1481--1492},
  year      = {2009},
}

@inproceedings{BoehmADGIKLPR20,
  author    = {Matthias Boehm and
               Iulian Antonov and
               Sebastian Baunsgaard and
               Mark Dokter and
               Robert Ginth{\"{o}}r and
               Kevin Innerebner and
               Florijan Klezin and
               Stefanie N. Lindstaedt and
               Arnab Phani and
               Benjamin Rath and
               Berthold Reinwald and
               Shafaq Siddiqui and
               Sebastian Benjamin Wrede},
  title     = {{SystemDS: A Declarative Machine Learning System for the End-to-End
               Data Science Lifecycle}},
  booktitle = {{CIDR}},
  year      = {2020},
}

@inproceedings{ZeuchCMGGGBTM20,
  author    = {Steffen Zeuch and
               Ankit Chaudhary and
               Bonaventura Del Monte and
               Haralampos Gavriilidis and
               Dimitrios Giouroukis and
               Philipp M. Grulich and
               Sebastian Bre{\ss} and
               Jonas Traub and
               Volker Markl},
  title     = {{The NebulaStream Platform for Data and Application Management in the
               Internet of Things}},
  booktitle = {{CIDR}},
  year      = {2020},
}
