


@inproceedings{AshariTBRCKS15,
  author    = {Arash Ashari and
               Shirish Tatikonda and
               Matthias Boehm and
               Berthold Reinwald and
               Keith Campbell and
               John Keenleyside and
               P. Sadayappan},
  title     = {{On Optimizing Machine Learning Workloads via Kernel Fusion}},
  booktitle = {{PPoPP}},
  pages     = {173--182},
  year      = {2015},
}

@book{VenablesR02,
  author    = {William N. Venables and
               Brian D. Ripley},
  title     = {Modern Applied Statistics with S, 4th Ed.},
  series    = {Statistics and computing},
  publisher = {Springer},
  year      = {2002},
}

@inproceedings{ArumugamDJPP10,
  author    = {Subi Arumugam and
               Alin Dobra and
               Christopher M. Jermaine and
               Niketan Pansare and
               Luis Leopoldo Perez},
  title     = {{The DataPath System: A Data-Centric Analytic Processing Engine for
               Large Data Warehouses}},
  booktitle = {{SIGMOD}},
  pages     = {519--530},
  year      = {2010},
}

@inproceedings{DeanG04,
  author    = {Jeffrey Dean and
               Sanjay Ghemawat},
  title     = {{MapReduce: Simplified Data Processing on Large Clusters}},
  booktitle = {{OSDI}},
  pages     = {137--150},
  year      = {2004},
}

@inproceedings{OlstonRSKT08,
  author    = {Christopher Olston and
               Benjamin Reed and
               Utkarsh Srivastava and
               Ravi Kumar and
               Andrew Tomkins},
  title     = {{Pig Latin: A Not-So-Foreign Language for Data Processing}},
  booktitle = {{SIGMOD}},
  pages     = {1099--1110},
  year      = {2008},
}

@inproceedings{IkedaPW11,
  author    = {Robert Ikeda and
               Hyunjung Park and
               Jennifer Widom},
  title     = {Provenance for Generalized Map and Reduce Workflows},
  booktitle = {{CIDR}},
  year      = {2011},
  pages     = {273--283},
}

@inproceedings{MegiddoM03,
  author    = {Nimrod Megiddo and
               Dharmendra S. Modha},
  title     = {{ARC: A Self-Tuning, Low Overhead Replacement Cache}},
  booktitle = {{FAST}},
  year      = {2003},
}

@inproceedings{JiaPTWZA19,
  author    = {Zhihao Jia and
               Oded Padon and
               James J. Thomas and
               Todd Warszawski and
               Matei Zaharia and
               Alex Aiken},
  title     = {{TASO: Optimizing Deep Learning Computation with Automatic Generation
               of Graph Substitutions}},
  booktitle = {{SOSP}},
  pages     = {47--62},
  year      = {2019},
}

@article{FangSW020,
  author    = {Jingzhi Fang and
               Yanyan Shen and
               Yue Wang and
               Lei Chen},
  title     = {{Optimizing DNN Computation Graph using Graph Substitutions}},
  journal   = {{PVLDB}},
  volume    = {13},
  number    = {11},
  pages     = {2734--2746},
  year      = {2020},
}

@article{WangHSHL20,
  author    = {Yisu Remy Wang and
               Shana Hutchison and
               Dan Suciu and
               Bill Howe and
               Jonathan Leang},
  title     = {{SPORES: Sum-Product Optimization via Relational Equality Saturation
               for Large Scale Linear Algebra}},
  journal   = {{PVLDB}},
  volume    = {13},
  number    = {11},
  pages     = {1919--1932},
  year      = {2020},
}

@inproceedings{ElgamalLBETRS17,
  author    = {Tarek Elgamal and
               Shangyu Luo and
               Matthias Boehm and
               Alexandre V. Evfimievski and
               Shirish Tatikonda and
               Berthold Reinwald and
               Prithviraj Sen},
  title     = {{SPOOF:} Sum-Product Optimization and Operator Fusion for Large-Scale
               Machine Learning},
  booktitle = {{CIDR}},
  year      = {2017},
}

@article{WaltCV11,
  author    = {St{\'{e}}fan van der Walt and
               S. Chris Colbert and
               Ga{\"{e}}l Varoquaux},
  title     = {{The NumPy Array: A Structure for Efficient Numerical Computation}},
  journal   = {Comp.S\&E},
  volume    = {13},
  number    = {2},
  year      = {2011},
}

@misc{grappler,
  title        = {{TensorFlow Graph Optimizations}},
  author       = {Rasmus Munk Larsen and Tatiana Shpeisman}, 
  year         = 2019,
  note         = {Stanford guest lecture, \url{https://web.stanford.edu/class/cs245/slides/TFGraphOptimizationsStanford.pdf}}
}

@inproceedings{ZhangIR20,
  author    = {Yi Zhang and
               Zachary G. Ives and
               Dan Roth},
  title     = {{"Who said it, and Why?" Provenance for Natural Language Claims}},
  booktitle = {{ACL}},
  pages     = {4416--4426},
  year      = {2020},
}

@inproceedings{SuriB19,
  author    = {Sahaana Suri and
               Peter Bailis},
  title     = {{DROP: A Workload-Aware Optimizer for Dimensionality Reduction}},
  booktitle = {SIGMOD Workshop DEEM},
  pages     = {1:1--1:10},
  year      = {2019},
}


@misc{UnifiedMem,
  title        = {{Unified Memory Management in Spark 1.6}},
  author       = {Andrew Or and Josh Rosen}, 
  year         = 2015,
  note         = {\url{https://issues.apache.org/jira/secure/attachment/12765646/unified-memory-management-spark-10000.pdf}}
}



@article{KunftKSBRM19,
  author    = {Andreas Kunft and
               Asterios Katsifodimos and
               Sebastian Schelter and
               Sebastian Bre{\ss} and
               Tilmann Rabl and
               Volker Markl},
  title     = {{An Intermediate Representation for Optimizing Machine Learning Pipelines}},
  journal   = {{PVLDB}},
  volume    = {12},
  number    = {11},
  pages     = {1553--1567},
  year      = {2019},
}

@inproceedings{ChenCDD0HKMMNOP20,
  author    = {Andrew Chen and others},
  title     = {{Developments in MLflow: A System to Accelerate the Machine Learning
               Lifecycle}},
  booktitle = {SIGMOD Workshop DEEM},
  pages     = {5:1--5:4},
  year      = {2020},
}

@misc{SAPDataHub,
  title        = {{SAP Data Intelligence: Next evolution of SAP Data Hub}},
  author       = {Marc Hartz}, 
  year         = 2020,
  note         = {\url{https://blogs.sap.com/2020/03/20/sap-data-intelligence-next-evolution-of-sap-data-hub/}}
}


 
@article{BoehmTRSTBV14,
  author    = {Matthias Boehm and
               Shirish Tatikonda and
               Berthold Reinwald and
               Prithviraj Sen and
               Yuanyuan Tian and
               Douglas Burdick and
               Shivakumar Vaithyanathan},
  title     = {{Hybrid Parallelization Strategies for Large-Scale Machine Learning
               in SystemML}},
  journal   = {{PVLDB}},
  volume    = {7},
  number    = {7},
  pages     = {553--564},
  year      = {2014},
} 
 
@misc{XLA,
  title        = {{XLA: Compiling Machine Learning for Peak Performance}},
  author       = {Amit Sabne}, 
  year         = 2020,
  note         = {SIGMOD Workshop DEEM, Industry Keynote}
}

@inproceedings{ChenMJZYSCWHCGK18,
  author    = {Tianqi Chen and others},
  title     = {{TVM: An Automated End-to-End Optimizing Compiler for Deep Learning}},
  booktitle = {{OSDI}},
  pages     = {578--594},
  year      = {2018},
}

@article{PalkarTNTPNSSPA18,
  author    = {Shoumik Palkar and others},
  title     = {{Evaluating End-to-End Optimization for Data Analytics Applications
               in Weld}},
  journal   = {{PVLDB}},
  volume    = {11},
  number    = {9},
  pages     = {1002--1015},
  year      = {2018},
}


@article{CrottyGDKBCZ15,
  author    = {Andrew Crotty and
               Alex Galakatos and
               Kayhan Dursun and
               Tim Kraska and
               Carsten Binnig and
               Ugur {\c{C}}etintemel and
               Stan Zdonik},
  title     = {{An Architecture for Compiling UDF-centric Workflows}},
  journal   = {{PVLDB}},
  volume    = {8},
  number    = {12},
  pages     = {1466--1477},
  year      = {2015},
}

@article{BoehmRHSEP18,
  author    = {Matthias Boehm and
               Berthold Reinwald and
               Dylan Hutchison and
               Prithviraj Sen and
               Alexandre V. Evfimievski and
               Niketan Pansare},
  title     = {{On Optimizing Operator Fusion Plans for Large-Scale Machine Learning
               in SystemML}},
  journal   = {{PVLDB}},
  volume    = {11},
  number    = {12},
  pages     = {1755--1768},
  year      = {2018},
}

@article{SharmaM09,
  author    = {Gaurav Sharma and
               Jos Martin},
  title     = {{MATLAB: A Language for Parallel
               Computing}},
  journal   = {Int. J. Parallel Program.},
  volume    = {37},
  number    = {1},
  pages     = {3--36},
  year      = {2009},
}

@manual{Rdopar,
  title        = {{doSNOW: Foreach Parallel Adaptor for the snow Package}},
  author       = {Hong Ooi and Stephen Weston}, 
  year         = 2019,
  note         = {\url{https://cran.r-project.org/web/packages/doSNOW/doSNOW.pdf}}
}

@inproceedings{HuangB013,
  author    = {Botong Huang and
               Shivnath Babu and
               Jun Yang},
  title     = {Cumulon: Optimizing Statistical Data Analysis in the Cloud},
  booktitle = {{SIGMOD}},
  pages     = {1--12},
  year      = {2013},
}

@article{abs-1810-08061,
  author    = {Dan Moldovan and others},
  title     = {{AutoGraph: Imperative-style Coding with Graph-based Performance}},
  journal   = {SysML},
  year      = {2019},
}


@article{BoehmBERRSTT14,
  author    = {Matthias Boehm and
               Douglas R. Burdick and
               Alexandre V. Evfimievski and
               Berthold Reinwald and
               Frederick R. Reiss and
               Prithviraj Sen and
               Shirish Tatikonda and
               Yuanyuan Tian},
  title     = {{SystemML's Optimizer: Plan Generation for Large-Scale Machine Learning
               Programs}},
  journal   = {{IEEE} Data Eng. Bull.},
  volume    = {37},
  number    = {3},
  pages     = {52--62},
  year      = {2014},
}

@article{MahoutSamsara,
  author    = {Sebastian Schelter and
               Andrew Palumbo and
               Shannon Quinn and
               Suneel Marthi and
               Andrew Musselman},
  title     = {{Samsara: Declarative Machine Learning on Distributed Dataflow Systems}},
  journal   = {{NIPS MLSys}},
  year      = {2016},
} 

@inproceedings{SujeethLBRCWAOO11,
  author    = {Arvind K. Sujeeth and others},
  title     = {{OptiML: An Implicitly Parallel Domain-Specific Language for Machine
               Learning}},
  booktitle = {{ICML}},
  pages     = {609--616},
  year      = {2011},
}

@article{BezansonEKS17,
  author    = {Jeff Bezanson and
               Alan Edelman and
               Stefan Karpinski and
               Viral B. Shah},
  title     = {{Julia: A Fresh Approach to Numerical Computing}},
  journal   = {{SIAM} Review},
  volume    = {59},
  number    = {1},
  pages     = {65--98},
  year      = {2017},
}

@article{BoehmDEEMPRRSST16,
  author    = {Matthias Boehm and others},
  title     = {{SystemML: Declarative Machine Learning on Spark}},
  journal   = {PVLDB},
  volume    = {9},
  number    = {13},
  pages     = {1425--1436},
  year      = {2016},
}

@inproceedings{PaszkeGMLBCKLGA19,
  author    = {Adam Paszke and others},
  title     = {{PyTorch: An Imperative Style, High-Performance Deep Learning Library}},
  booktitle = {NeurIPS},
  pages     = {8024--8035},
  year      = {2019},
}

@book{2019Boehm,
  author    = {Matthias Boehm and
               Arun Kumar and
               Jun Yang},
  title     = {{Data Management in Machine Learning Systems}},
  series    = {Synthesis Lectures on Data Management},
  publisher = {Morgan {\&} Claypool Publishers},
  year      = {2019},
}

@article{abs-2002-06305,
  author    = {Jesse Dodge and
               Gabriel Ilharco and
               Roy Schwartz and
               Ali Farhadi and
               Hannaneh Hajishirzi and
               Noah A. Smith},
  title     = {{Fine-Tuning Pretrained Language Models: Weight Initializations, Data
               Orders, and Early Stopping}},
  journal   = {CoRR},
  volume    = {abs/2002.06305},
  year      = {2020},
}

@inproceedings{DerakhshanMARM20,
  author    = {Behrouz Derakhshan and
               Alireza Rezaei Mahdiraji and
               Ziawasch Abedjan and
               Tilmann Rabl and
               Volker Markl},
  title     = {{Optimizing Machine Learning Workloads in Collaborative Environments}},
  booktitle = {{SIGMOD}},
  pages     = {1701--1716},
  year      = {2020},
}


@inproceedings{ZahariaCDDMMFSS12,
  author    = {Matei Zaharia and others},
  title     = {{Resilient Distributed Datasets: A Fault-Tolerant Abstraction for
               In-Memory Cluster Computing}},
  booktitle = {{NSDI}},
  pages     = {15--28},
  year      = {2012},
}

@inproceedings{DongR18,
  author    = {Xin Luna Dong and
               Theodoros Rekatsinas},
  title     = {{Data Integration and Machine Learning: A Natural Synergy}},
  booktitle = {{SIGMOD}},
  pages     = {1645--1650},
  year      = {2018},
}

@inproceedings{BaylorBCFFHHIJK17,
  author    = {Denis Baylor and others},
  title     = {{TFX: A TensorFlow-Based Production-Scale Machine Learning Platform}},
  booktitle = {{SIGKDD}},
  pages     = {1387--1395},
  year      = {2017},
}


@inproceedings{LibertyKXRCNDSA20,
  author    = {Edo Liberty and others},
  title     = {Elastic Machine Learning Algorithms in Amazon SageMaker},
  booktitle = {{SIGMOD}},
  pages     = {731--737},
  year      = {2020},
}                      

@inproceedings{WeidePSZK17,
  author    = {Tom van der Weide and
               Dimitris Papadopoulos and
               Oleg Smirnov and
               Michal Zielinski and
               Tim van Kasteren},
  title     = {{Versioning for End-to-End Machine Learning Pipelines}},
  booktitle = {SIGMOD Workshop DEEM},
  pages     = {2:1--2:9},
  year      = {2017},
}

@inproceedings{YanTI16,
  author    = {Zhepeng Yan and
               Val Tannen and
               Zachary G. Ives},
  editor    = {Sarah Cohen Boulakia},
  title     = {{Fine-grained Provenance for Linear Algebra Operators}},
  booktitle = {{TaPP}},
  year      = {2016},
}

@misc{atlas,
  author = {Apache Atlas},
  title = {Open Metadata Management and Governance},
  note = {\url{https://atlas.apache.org/}},
  year = {2020}
}

@article{ZhangI19,
  author    = {Yi Zhang and
               Zachary G. Ives},
  title     = {{Juneau: Data Lake Management for Jupyter}},
  journal   = {{PVLDB}},
  volume    = {12},
  number    = {12},
  pages     = {1902--1905},
  year      = {2019},
}

@article{abs-2001-01861,
  author    = {Mohammad Hossein Namaki and
               Avrilia Floratou and
               Fotis Psallidas and
               Subru Krishnan and
               Ashvin Agrawal and
               Yinghui Wu},
  title     = {Vamsa: Tracking Provenance in Data Science Scripts},
  journal   = {CoRR},
  volume    = {abs/2001.01861},
  year      = {2020},
}

@inproceedings{NamakiFPKAWZW20,
	author    = {Mohammad Hossein Namaki and
	             Avrilia Floratou and
	             Fotis Psallidas and
	             Subru Krishnan and
	             Ashvin Agrawal and
	             Yinghui Wu and
	             Yiwen Zhu and
	             Markus Weimer},
	title     = {Vamsa: Automated Provenance Tracking in Data Science Scripts},
	booktitle = {{SIGKDD}},
	pages     = {1542--1551},
	year      = {2020},
}

@article{PedregosaVGMTGBPWDVPCBPD11,
  author    = {Fabian Pedregosa and others},
  title     = {Scikit-learn: Machine Learning in Python},
  journal   = {J. Mach. Learn. Res.},
  volume    = {12},
  pages     = {2825--2830},
  year      = {2011},
} 

@inproceedings{BoehmADGIKLPR20,
  author    = {Matthias Boehm and others},
  title     = {{SystemDS: A Declarative Machine Learning System for the End-to-End
               Data Science Lifecycle}},
  booktitle = {{CIDR}},
  year      = {2020},
}

@article{JindalKRP18,
  author    = {Alekh Jindal and
               Konstantinos Karanasos and
               Sriram Rao and
               Hiren Patel},
  title     = {{Selecting Subexpressions to Materialize at Datacenter Scale}},
  journal   = {{PVLDB}},
  volume    = {11},
  number    = {7},
  pages     = {800--812},
  year      = {2018},
}

@inproceedings{ShangZBKECBUK19,
  author    = {Zeyuan Shang and others},
  title     = {{Democratizing Data Science through Interactive Curation of ML Pipelines}},
  booktitle = {{SIGMOD}},
  pages     = {1171--1188},
  year      = {2019},
}

@inproceedings{CrankshawWZFGS17,
  author    = {Daniel Crankshaw and
               Xin Wang and
               Giulio Zhou and
               Michael J. Franklin and
               Joseph E. Gonzalez and
               Ion Stoica},
  title     = {{Clipper: A Low-Latency Online Prediction Serving System}},
  booktitle = {{NSDI}},
  pages     = {613--627},
  year      = {2017},
}

@inproceedings{LeeSCSWI18,
  author    = {Yunseong Lee and
               Alberto Scolari and
               Byung{-}Gon Chun and
               Marco Domenico Santambrogio and
               Markus Weimer and
               Matteo Interlandi},
  title     = {{PRETZEL: Opening the Black Box of Machine Learning Prediction Serving
               Systems}},
  booktitle = {{OSDI}},
  pages     = {611--626},
  year      = {2018},
}

@article{KangEABZ17,
  author    = {Daniel Kang and
               John Emmons and
               Firas Abuzaid and
               Peter Bailis and
               Matei Zaharia},
  title     = {{NoScope: Optimizing Deep CNN-Based Queries over Video Streams at Scale}},
  journal   = {{PVLDB}},
  volume    = {10},
  number    = {11},
  pages     = {1586--1597},
  year      = {2017},
}

@inproceedings{AbadiBCCDDDGIIK16,
  author    = {Mart{\'{\i}}n Abadi and others},
  title     = {{TensorFlow: A System for Large-Scale Machine Learning}},
  booktitle = {{OSDI}},
  pages     = {265--283},
  year      = {2016},
}

@inproceedings{SparksVKFR17,
  author    = {Evan R. Sparks and
               Shivaram Venkataraman and
               Tomer Kaftan and
               Michael J. Franklin and
               Benjamin Recht},
  title     = {{KeystoneML: Optimizing Pipelines for Large-Scale Advanced Analytics}},
  booktitle = {{ICDE}},
  pages     = {535--546},
  year      = {2017},
}

@inproceedings{ChavanD17,
  author    = {Amit Chavan and
               Amol Deshpande},
  editor    = {Semih Salihoglu and
               Wenchao Zhou and
               Rada Chirkova and
               Jun Yang and
               Dan Suciu},
  title     = {{DEX: Query Execution in a Delta-based Storage System}},
  booktitle = {{SIGMOD}},
  pages     = {171--186},
  year      = {2017},
}

@article{ZahariaCD0HKMNO18,
  author    = {Matei Zaharia and others},
  title     = {{Accelerating the Machine Learning Lifecycle with MLflow}},
  journal   = {{IEEE} Data Eng. Bull.},
  volume    = {41},
  number    = {4},
  pages     = {39--45},
  year      = {2018},
}

@inproceedings{VartakTMZ18,
  author    = {Manasi Vartak and
               Joana M. F. da Trindade and
               Samuel Madden and
               Matei Zaharia},
  editor    = {Gautam Das and
               Christopher M. Jermaine and
               Philip A. Bernstein},
  title     = {{MISTIQUE: A System to Store and Query Model Intermediates for
               Model Diagnosis}},
  booktitle = {{SIGMOD}},
  pages     = {1285--1300},
  year      = {2018},
}

@article{VartakM18,
  author    = {Manasi Vartak and
               Samuel Madden},
  title     = {{MODELDB: Opportunities and Challenges in Managing Machine Learning
               Models}},
  journal   = {{IEEE} Data Eng. Bull.},
  volume    = {41},
  number    = {4},
  pages     = {16--25},
  year      = {2018},
}

@inproceedings{MiaoLDD17a,
  author    = {Hui Miao and
               Ang Li and
               Larry S. Davis and
               Amol Deshpande},
  title     = {{ModelHub: Deep Learning Lifecycle Management}},
  booktitle = {{ICDE}},
  pages     = {1393--1394},
  year      = {2017},
}

@inproceedings{AgrawalCN00,
  author    = {Sanjay Agrawal and
               Surajit Chaudhuri and
               Vivek R. Narasayya},
  title     = {{Automated Selection of Materialized Views and Indexes in SQL Databases}},
  booktitle = {{VLDB}},
  pages     = {496--505},
  year      = {2000},
}

@inproceedings{RoySSB00,
  author    = {Prasan Roy and
               S. Seshadri and
               S. Sudarshan and
               Siddhesh Bhobe},
  title     = {{Efficient and Extensible Algorithms for Multi Query Optimization}},
  booktitle = {{SIGMOD}},
  pages     = {249--260},
  year      = {2000},
}

@inproceedings{IdreosKM07,
  author    = {Stratos Idreos and
               Martin L. Kersten and
               Stefan Manegold},
  title     = {{Database Cracking}},
  booktitle = {{CIDR}},
  pages     = {68--78},
  year      = {2007},
}

@inproceedings{LeeZL07,
  author    = {Rubao Lee and
               Minghong Zhou and
               Huaming Liao},
  title     = {Request Window: an Approach to Improve Throughput of RDBMS-based Data
               Integration System by Utilizing Data Sharing Across Concurrent Distributed
               Queries},
  booktitle = {{VLDB}},
  pages     = {1219--1230},
  year      = {2007},
}

@article{UnterbrunnerGAFK09,
  author    = {Philipp Unterbrunner and
               Georgios Giannikis and
               Gustavo Alonso and
               Dietmar Fauser and
               Donald Kossmann},
  title     = {{Predictable Performance for Unpredictable Workloads}},
  journal   = {{PVLDB}},
  volume    = {2},
  number    = {1},
  pages     = {706--717},
  year      = {2009},
}

@article{ShinWWSZR15,
  author    = {Jaeho Shin and
               Sen Wu and
               Feiran Wang and
               Christopher De Sa and
               Ce Zhang and
               Christopher R{\'{e}}},
  title     = {{Incremental Knowledge Base Construction Using DeepDive}},
  journal   = {{PVLDB}},
  volume    = {8},
  number    = {11},
  pages     = {1310--1321},
  year      = {2015},
}

@inproceedings{NakandalaKP19,
  author    = {Supun Nakandala and
               Arun Kumar and
               Yannis Papakonstantinou},
  title     = {{Incremental and Approximate Inference for Faster Occlusion-based Deep
               {CNN} Explanations}},
  booktitle = {{SIGMOD}},
  pages     = {1589--1606},
  year      = {2019},
}

@article{rh/Nakandala20,
  author    = {Supun Nakandala and
	           Arun Kumar and 
               Yannis Papakonstantinou},
  title     = {{Query Optimization for Faster Deep CNN Explanations}},
  journal   = {{SIGMOD} Rec.},
  volume    = {49},
  number    = {1},
  pages     = {61--68},
  year      = {2020},
}

@article{KocR11,
  author    = {Mehmet Levent Koc and
               Christopher R{\'{e}}},
  title     = {{Incrementally Maintaining Classification using an RDBMS}},
  journal   = {{PVLDB}},
  volume    = {4},
  number    = {5},
  pages     = {302--313},
  year      = {2011},
}

@inproceedings{CrankshawBGLZFG15,
  author    = {Daniel Crankshaw and
               Peter Bailis and
               Joseph E. Gonzalez and
               Haoyuan Li and
               Zhao Zhang and
               Michael J. Franklin and
               Ali Ghodsi and
               Michael I. Jordan},
  title     = {{The Missing Piece in Complex Analytics: Low Latency, Scalable Model
               Management and Serving with Velox}},
  booktitle = {{CIDR}},
  year      = {2015},
}

@inproceedings{DeshpandeM06,
  author    = {Amol Deshpande and
               Samuel Madden},
  title     = {{MauveDB: Supporting Model-based User Views in Database Systems}},
  booktitle = {{SIGMOD}},
  pages     = {73--84},
  year      = {2006},
}

@inproceedings{Schelter20,
  author    = {Sebastian Schelter},
  title     = {"Amnesia" - Machine Learning Models That Can Forget User Data Very
               Fast},
  booktitle = {{CIDR}},
  year      = {2020},
}

@inproceedings{NikolicO18,
  author    = {Milos Nikolic and
               Dan Olteanu},
  title     = {{Incremental View Maintenance with Triple Lock Factorization Benefits}},
  booktitle = {{SIGMOD}},
  pages     = {365--380},
  year      = {2018},
}

@inproceedings{ZhouLFL07,
  author    = {Jingren Zhou and
               Per{-}{\AA}ke Larson and
               Johann Christoph Freytag and
               Wolfgang Lehner},
  title     = {{Efficient Exploitation of Similar Subexpressions for Query Processing}},
  booktitle = {{SIGMOD}},
  pages     = {533--544},
  year      = {2007},
}

@inproceedings{IvanovaKNG09,
  author    = {Milena Ivanova and
               Martin L. Kersten and
               Niels J. Nes and
               Romulo Goncalves},
  title     = {An Architecture for Recycling Intermediates in a Column-store},
  booktitle = {{SIGMOD}},
  pages     = {309--320},
  year      = {2009},
}

@article{IvanovaKNG10,
  author    = {Milena Ivanova and
               Martin L. Kersten and
               Niels J. Nes and
               Romulo Goncalves},
  title     = {{An Architecture for Recycling Intermediates in a Column-store}},
  journal   = {{ACM} Trans. Database Syst.},
  volume    = {35},
  number    = {4},
  pages     = {24:1--24:43},
  year      = {2010},
}

@article{fair2016,
  author    = {Mark D. Wilkinson and others},
  title     = {The FAIR Guiding Principles for scientific data management and stewardship},
  journal   = {Scientific Data},
  volume    = {3},
  number    = {1},
  year      = {2016},
}

@inproceedings{BhardwajBCDEMP15,
  author    = {Anant P. Bhardwaj and
               Souvik Bhattacherjee and
               Amit Chavan and
               Amol Deshpande and
               Aaron J. Elmore and
               Samuel Madden and
               Aditya G. Parameswaran},
  title     = {{DataHub: Collaborative Data Science {\&} Dataset Version Management
               at Scale}},
  booktitle = {{CIDR}},
  year      = {2015},
}

@inproceedings{AgrawalCCFGIJKK20,
  author    = {Ashvin Agrawal and others},
  title     = {{Cloudy with High Chance of DBMS: A 10-year Prediction for Enterprise-Grade
               ML}},
  booktitle = {{CIDR}},
  year      = {2020},
}

@article{abs-2002-01047,
  author    = {Raul Castro Fernandez and
               Pranav Subramaniam and
               Michael J. Franklin},
  title     = {Data Market Platforms: Trading Data Assets to Solve Data Problems
               [Vision Paper]},
  journal   = {CoRR},
  volume    = {abs/2002.01047},
  year      = {2020},
}

@inproceedings{HalevyKNOPRW16,
  author    = {Alon Y. Halevy and
               Flip Korn and
               Natalya Fridman Noy and
               Christopher Olston and
               Neoklis Polyzotis and
               Sudip Roy and
               Steven Euijong Whang},
  title     = {{Goods: Organizing Google's Datasets}},
  booktitle = {{SIGMOD}},
  pages     = {795--806},
  year      = {2016},
}

@article{Ruan0DLOZ19,
  author    = {Pingcheng Ruan and
               Gang Chen and
               Anh Dinh and
               Qian Lin and
               Beng Chin Ooi and
               Meihui Zhang},
  title     = {{Fine-Grained, Secure and Efficient Data Provenance for Blockchain}},
  journal   = {{PVLDB}},
  volume    = {12},
  number    = {9},
  pages     = {975--988},
  year      = {2019},
}


@inproceedings{ZhengAI19,
  author    = {Nan Zheng and
               Abdussalam Alawini and
               Zachary G. Ives},
  title     = {{Fine-Grained Provenance for Matching {\&} ETL}},
  booktitle = {{ICDE}},
  pages     = {184--195},
  year      = {2019},
}

@article{WuADMD19,
  author    = {Yinjun Wu and
               Abdussalam Alawini and
               Daniel Deutch and
               Tova Milo and
               Susan B. Davidson},
  title     = {{ProvCite: Provenance-based Data Citation}},
  journal   = {{PVLDB}},
  volume    = {12},
  number    = {7},
  pages     = {738--751},
  year      = {2019},
}

@article{PsallidasW18,
  author    = {Fotis Psallidas and
               Eugene Wu},
  title     = {{Smoke: Fine-grained Lineage at Interactive Speed}},
  journal   = {{PVLDB}},
  volume    = {11},
  number    = {6},
  pages     = {719--732},
  year      = {2018},
}

@inproceedings{ChapmanJ09,
  author    = {Adriane Chapman and
               H. V. Jagadish},
  title     = {Why Not?},
  booktitle = {{SIGMOD}},
  pages     = {523--534},
  year      = {2009},
}

@inproceedings{GreenKT07,
  author    = {Todd J. Green and
               Gregory Karvounarakis and
               Val Tannen},
  title     = {{Provenance Semirings}},
  booktitle = {{PODS}},
  publisher = {{ACM}},
  year      = {2007},
}

@inproceedings{GreenKIT07,
  author    = {Todd J. Green and
               Grigoris Karvounarakis and
               Zachary G. Ives and
               Val Tannen},
  title     = {{Update Exchange with Mappings and Provenance}},
  booktitle = {{VLDB}},
  pages     = {675--686},
  year      = {2007},
}

@inproceedings{BunemanKT01,
  author    = {Peter Buneman and
               Sanjeev Khanna and
               Wang Chiew Tan},
  title     = {{Why and Where: A Characterization of Data Provenance}},
  booktitle = {{ICDT}},
  volume    = {1973},
  pages     = {316--330},
  year      = {2001},
}

@article{CuiWW00,
  author    = {Yingwei Cui and
               Jennifer Widom and
               Janet L. Wiener},
  title     = {{Tracing the Lineage of View Data in a Warehousing Environment}},
  journal   = {{ACM} Trans. Database Syst.},
  volume    = {25},
  number    = {2},
  pages     = {179--227},
  year      = {2000},
}

@article{Tan07,
  author    = {Wang Chiew Tan},
  title     = {{Provenance in Databases: Past, Current, and Future}},
  journal   = {{IEEE} Data Eng. Bull.},
  volume    = {30},
  number    = {4},
  pages     = {3--12},
  year      = {2007},
}

@article{CheneyCT09,
  author    = {James Cheney and
               Laura Chiticariu and
               Wang Chiew Tan},
  title     = {{Provenance in Databases: Why, How, and Where}},
  journal   = {Foundations and Trends in Databases},
  volume    = {1},
  number    = {4},
  pages     = {379--474},
  year      = {2009},
}

@inproceedings{GlavicD07,
  author    = {Boris Glavic and
               Klaus R. Dittrich},
  title     = {{Data Provenance: A Categorization of Existing Approaches}},
  booktitle = {{BTW}},
  pages     = {227--241},
  year      = {2007},
}

@article{XinMMLSP18,
	author    = {Doris Xin and
				 Stephen Macke and
			   	 Litian Ma and
				 Jialin Liu and
				 Shuchen Song and
				 Aditya G. Parameswaran},
	title     = {Helix: Holistic Optimization for Accelerating Iterative Machine Learning},
	journal   = {{PVLDB}},
	volume    = {12},
	number    = {4},
	pages     = {446--460},
	year      = {2018},
}

@inproceedings{NikolicEK14,
	author    = {Milos Nikolic and
				 Mohammed Elseidy and
				 Christoph Koch},
	title     = {{LINVIEW: Incremental View Maintenance for Complex Analytical Queries}},
	booktitle = {{SIGMOD}},
	pages     = {253--264},
	year      = {2014},
}

@inproceedings{ZhangKR14,
	author    = {Ce Zhang and
				 Arun Kumar and
				 Christopher R{\'{e}}},
	title     = {{Materialization Optimizations for Feature Selection Workloads}},
	booktitle = {{SIGMOD}},
	pages     = {265--276},
	year      = {2014},
}

@article{AmsterdamerDDMST11,
	author    = {Yael Amsterdamer and
				 Susan B. Davidson and
				 Daniel Deutch and
				 Tova Milo and
				 Julia Stoyanovich and
				 Val Tannen},
	title     = {Putting Lipstick on Pig: Enabling Database-style Workflow Provenance},
	journal   = {{PVLDB}},
	volume    = {5},
	number    = {4},
	pages     = {346--357},
	year      = {2011},
}

@article{DavidsonBELMBAF07,
	author    = {Susan B. Davidson and
				 Sarah Cohen Boulakia and
				 Anat Eyal and
				 Bertram Lud{\"{a}}scher and
				 Timothy M. McPhillips and
				 Shawn Bowers and
				 Manish Kumar Anand and
				 Juliana Freire},
	title     = {Provenance in Scientific Workflow Systems},
	journal   = {{IEEE} Data Eng. Bull.},
	volume    = {30},
	number    = {4},
	pages     = {44--50},
	year      = {2007},
}

@article{ParkIW11,
	author    = {Hyunjung Park and
	             Robert Ikeda and
	             Jennifer Widom},
	title     = {{RAMP:} {A} System for Capturing and Tracing Provenance in MapReduce Workflows},
	journal   = {{PVLDB}},
	volume    = {4},
	number    = {12},
	pages     = {1351--1354},
	year      = {2011},
}

@inproceedings{AkoushSH13,
	author    = {Sherif Akoush and
	             Ripduman Sohan and
	             Andy Hopper},
	title     = {HadoopProv: Towards Provenance as a First Class Citizen in MapReduce},
	booktitle = {{TaPP}},
	year      = {2013},
}

@article{InterlandiSTGYK15,
	author    = {Matteo Interlandi and
	             Kshitij Shah and
	             Sai Deep Tetali and
	             Muhammad Ali Gulzar and
	             Seunghyun Yoo and
	             Miryung Kim and
	             Todd D. Millstein and
	             Tyson Condie},
	title     = {Titian: Data Provenance Support in Spark},
	journal   = {{PVLDB}},
	volume    = {9},
	number    = {3},
	pages     = {216--227},
	year      = {2015},
}

@inproceedings{LogothetisDY13,
	author    = {Dionysios Logothetis and
            	 Soumyarupa De and
	             Kenneth Yocum},
	title     = {Scalable Lineage Capture for Debugging {DISC} Analytics},
	booktitle = {{SOCC}},
	pages     = {17:1--17:15},
	year      = {2013},
}

@inproceedings{CallahanFSSSV06,
	author    = {Steven P. Callahan and
	             Juliana Freire and
	             Emanuele Santos and
	             Carlos Eduardo Scheidegger and
	             Cl{\'{a}}udio T. Silva and
	             Huy T. Vo},
	title     = {VisTrails: Visualization meets Data Management},
	booktitle = {{SIGMOD}},
	pages     = {745--747},
	year      = {2006},
}

@inproceedings{BavoilCSVCSF05,
  author    = {Louis Bavoil and
               Steven P. Callahan and
               Carlos Eduardo Scheidegger and
               Huy T. Vo and
               Patricia Crossno and
               Cl{\'{a}}udio T. Silva and
               Juliana Freire},
  title     = {{VisTrails: Enabling Interactive Multiple-View Visualizations}},
  booktitle = {{IEEE} Vis},
  pages     = {135--142},
  year      = {2005},
}

@article{LudascherABHJJLTZ06,
	author    = {Bertram Lud{\"{a}}scher and others},
	title     = {Scientific Workflow Management and the KEPLER System},
	journal   = {Concurr. Comput. Pract. Exp.},
	volume    = {18},
	number    = {10},
	pages     = {1039--1065},
	year      = {2006},
}

@article{WolstencroftHFWWOSDNFBBBHHVSG13,
	author    = {Katherine Wolstencroft and others},
	title     = {The Taverna workflow suite: designing and executing workflows of Web
	Services on the desktop, web or in the cloud},
	journal   = {Nucleic Acids Res.},
	volume    = {41},
	number    = {Webserver-Issue},
	pages     = {557--561},
	year      = {2013},
}

@inproceedings{MurtaBCKF14,
	author    = {Leonardo Murta and
	             Vanessa Braganholo and
	             Fernando Chirigati and
	             David Koop and
	             Juliana Freire},
	title     = {noWorkflow: Capturing and Analyzing Provenance of Scripts},
	booktitle = {{IPAW}},
	pages     = {71--83},
	year      = {2014},
}

@article{PimentelMBF17,
	author    = {Jo{\~{a}}o Felipe Pimentel and
	             Leonardo Murta and
	             Vanessa Braganholo and
	             Juliana Freire},
	title     = {noWorkflow: a Tool for Collecting, Analyzing, and Managing Provenance
	from Python Scripts},
	journal   = {{PVLDB}},
	volume    = {10},
	number    = {12},
	pages     = {1841--1844},
	year      = {2017},
}

@misc{Dua2019,
  author = "Dua, Dheeru and Graff, Casey",
  year = "2017",
  title = {{UCI Machine Learning Repository}},
  url = "http://archive.ics.uci.edu/ml",
  institution = "University of California, Irvine, School of Information and Computer Sciences"
}

@misc{MachineL29:online,
  author = {Tribuo},
  title = {Machine Learning in Java},
  note = {\url{https://tribuo.org/}},
  year = {2021}
}

@article{nbsafety21,
	author    = {Stephen Macke and
	             Hongpu Gong and
	             Doris Jung Lin Lee and
	             Andrew Head and
	             Doris Xin and
	             Aditya G. Parameswaran},
	title     = {Fine-Grained Lineage for Safer Notebook Interactions},
	journal   = {{PVLDB}},
	volume    = {14},
	number    = {06},
	pages     = {1093--1101},
	year      = {2021},
}

@inproceedings{mlinspect21,
	author    = {Stefan Grafberger and
	             Julia Stoyanovich and
	             Sebastian Schelter},
	title     = {{Lightweight Inspection of Data Preprocessing in Native Machine Learning Pipelines}},
	booktitle = {{CIDR}},
	year      = {2021},
}

@inproceedings{AnandBML09,
	author    = {Manish Kumar Anand and
	             Shawn Bowers and
	             Timothy M. McPhillips and
	             Bertram Lud{\"{a}}scher},
	title     = {Exploring Scientific Workflow Provenance Using Hybrid Queries over
	             Nested Data and Lineage Graphs},
	booktitle = {{SSDBM}},
	pages     = {237--254},
	year      = {2009},
}

@inproceedings{BrachmannSKGMCB20,
	author    = {Mike Brachmann and
	             William Spoth and
	             Oliver Kennedy and
	             Boris Glavic and
                 Heiko Mueller and
	             Sonia Castelo and
	             Carlos Bautista and
	             Juliana Freire},
	title     = {Your notebook is not crumby enough, REPLace it},
	booktitle = {{CIDR}},
	year      = {2020},
}

@inproceedings{GhotingKPRSTTV11,
  author    = {Amol Ghoting and
               Rajasekar Krishnamurthy and
               Edwin P. D. Pednault and
               Berthold Reinwald and
               Vikas Sindhwani and
               Shirish Tatikonda and
               Yuanyuan Tian and
               Shivakumar Vaithyanathan},
	title     = {{SystemML: Declarative Machine Learning on MapReduce}},
	booktitle = {{ICDE}},
	year      = {2011},
}

@article{FernandezSF20,
	author    = {Raul Castro Fernandez and
	             Pranav Subramaniam and
	             Michael J. Franklin},
	title     = {Data Market Platforms: Trading Data Assets to Solve Data Problems},
	journal   = {{PVLDB}},
	volume    = {13},
	number    = {11},
	pages     = {1933--1947},
	year      = {2020},
}